<?xml version="1.0" encoding="UTF-8"?>
<!DOCTYPE html PUBLIC "-//W3C//DTD XHTML 1.0 Transitional//EN"
    "http://www.w3.org/TR/xhtml1/DTD/xhtml1-transitional.dtd">
<html xmlns="http://www.w3.org/1999/xhtml" xml:lang="en" lang="en">
 <head>
  <title>
</title>
<meta http-equiv="Content-Type" content="text/html;charset=utf-8" />
  <meta name='ocr-system' content='tesseract 3.04.00' />
  <meta name='ocr-capabilities' content='ocr_page ocr_carea ocr_par ocr_line ocrx_word'/>
</head>
<body>
  <div class='ocr_page' id='page_1' title='image "./desedibusetcausi00morg_0273.png"; bbox 0 0 2498 4075; ppageno 0'>
   <div class='ocr_carea' id='block_1_1' title="bbox 89 318 2149 409">
    <p class='ocr_par' dir='ltr' id='par_1_1' title="bbox 89 304 2149 409">
     <span class='ocr_line' id='line_1_1' title="bbox 89 318 2149 409; baseline -0.003 -2"><span class='ocrx_word' id='word_1_1' title='bbox 89 318 628 408; x_wconf 76' lang='lat' dir='ltr'>EpisToLA</span> <span class='ocrx_word' id='word_1_2' title='bbox 709 337 1912 409; x_wconf 10' lang='lat' dir='ltr'>ANATOMIGO-MEDICA*</span> <span class='ocrx_word' id='word_1_3' title='bbox 1971 337 2149 403; x_wconf 83' lang='lat' dir='ltr'>XIX.</span> 
     </span>
    </p>
   </div>
   <div class='ocr_carea' id='block_1_2' title="bbox 1997 222 2141 270">
    <p class='ocr_par' dir='ltr' id='par_1_2' title="bbox 1997 222 2141 270">
     <span class='ocr_line' id='line_1_2' title="bbox 1997 222 2141 270; baseline -0.014 -13"><span class='ocrx_word' id='word_1_4' title='bbox 1997 222 2088 270; x_wconf 78' lang='lat'>175</span> <span class='ocrx_word' id='word_1_5' title='bbox 2139 252 2141 255; x_wconf 80' lang='grc'>,</span> 
     </span>
    </p>
   </div>
   <div class='ocr_carea' id='block_1_3' title="bbox 333 454 1922 566">
    <p class='ocr_par' dir='ltr' id='par_1_3' title="bbox 333 454 1922 566">
     <span class='ocr_line' id='line_1_3' title="bbox 333 454 1922 566; baseline -0.004 -19"><span class='ocrx_word' id='word_1_6' title='bbox 333 492 422 547; x_wconf 89' lang='lat' dir='ltr'>De</span> <span class='ocrx_word' id='word_1_7' title='bbox 454 491 804 566; x_wconf 67' lang='lat' dir='ltr'>Sujffocatione</span> <span class='ocrx_word' id='word_1_8' title='bbox 841 454 1001 544; x_wconf 83' lang='lat' dir='ltr'>verba</span> <span class='ocrx_word' id='word_1_9' title='bbox 1039 487 1172 541; x_wconf 86' lang='lat' dir='ltr'>fiunt</span> <span class='ocrx_word' id='word_1_10' title='bbox 1208 487 1415 543; x_wconf 72' lang='lat' dir='ltr'>multa,</span> <span class='ocrx_word' id='word_1_11' title='bbox 1450 488 1514 540; x_wconf 88' lang='lat' dir='ltr'>de</span> <span class='ocrx_word' id='word_1_12' title='bbox 1549 488 1690 543; x_wconf 84' lang='lat' dir='ltr'>Tuffi</span> <span class='ocrx_word' id='word_1_13' title='bbox 1726 504 1922 553; x_wconf 73' lang='lat' dir='ltr'>pauca:</span> 
     </span>
    </p>
   </div>
   <div class='ocr_carea' id='block_1_4' title="bbox 80 618 1101 3538">
    <p class='ocr_par' dir='ltr' id='par_1_4' title="bbox 222 618 1092 708">
     <span class='ocr_line' id='line_1_4' title="bbox 222 618 1091 664; baseline -0.006 -9"><span class='ocrx_word' id='word_1_14' title='bbox 222 623 296 655; x_wconf 85' lang='lat' dir='ltr'>UAE</span> <span class='ocrx_word' id='word_1_15' title='bbox 318 622 357 658; x_wconf 76' lang='lat' dir='ltr'>de</span> <span class='ocrx_word' id='word_1_16' title='bbox 381 620 469 654; x_wconf 83' lang='lat' dir='ltr'>Laesa</span> <span class='ocrx_word' id='word_1_17' title='bbox 492 620 714 664; x_wconf 88' lang='lat' dir='ltr'>Respiratione</span> <span class='ocrx_word' id='word_1_18' title='bbox 739 628 877 661; x_wconf 83' lang='lat' dir='ltr'>quatuor</span> <span class='ocrx_word' id='word_1_19' title='bbox 902 618 941 652; x_wconf 91' lang='lat' dir='ltr'>ad</span> <span class='ocrx_word' id='word_1_20' title='bbox 974 627 1005 652; x_wconf 87' lang='lat' dir='ltr'>te</span> <span class='ocrx_word' id='word_1_21' title='bbox 1021 620 1036 658; x_wconf 49' lang='lat'>⁷,</span> <span class='ocrx_word' id='word_1_22' title='bbox 1058 620 1091 650; x_wconf 71' lang='grc' dir='ltr'>δε</span> 
     </span>
     <span class='ocr_line' id='line_1_5' title="bbox 232 661 1092 708; baseline -0.005 -10"><span class='ocrx_word' id='word_1_23' title='bbox 232 664 392 708; x_wconf 62' lang='lat' dir='ltr'>plerasdue</span> <span class='ocrx_word' id='word_1_24' title='bbox 416 664 494 698; x_wconf 89' lang='lat' dir='ltr'>bene</span> <span class='ocrx_word' id='word_1_25' title='bbox 518 665 652 707; x_wconf 76' lang='lat' dir='ltr'>longas,</span> <span class='ocrx_word' id='word_1_26' title='bbox 675 664 837 706; x_wconf 86' lang='lat' dir='ltr'>Epistolas</span> <span class='ocrx_word' id='word_1_27' title='bbox 860 662 1002 696; x_wconf 84' lang='lat' dir='ltr'>mifimus</span> <span class='ocrx_word' id='word_1_28' title='bbox 1019 661 1092 702; x_wconf 57' lang='lat' dir='ltr'>§.de</span> 
     </span>
    </p>

    <p class='ocr_par' dir='ltr' id='par_1_5' title="bbox 126 706 1093 747">
     <span class='ocr_line' id='line_1_6' title="bbox 126 706 1093 747; baseline -0.003 -7"><span class='ocrx_word' id='word_1_29' title='bbox 126 737 133 740; x_wconf 27' lang='lat' dir='ltr'>c</span> <span class='ocrx_word' id='word_1_30' title='bbox 231 707 468 745; x_wconf 74' lang='lat' dir='ltr'>Suffocatione,</span> <span class='ocrx_word' id='word_1_31' title='bbox 492 711 523 747; x_wconf 81' lang='lat'>&amp;</span> <span class='ocrx_word' id='word_1_32' title='bbox 549 706 638 741; x_wconf 88' lang='lat' dir='ltr'>Tuffi</span> <span class='ocrx_word' id='word_1_33' title='bbox 663 706 742 741; x_wconf 87' lang='lat' dir='ltr'>hanc</span> <span class='ocrx_word' id='word_1_34' title='bbox 764 718 860 741; x_wconf 88' lang='lat' dir='ltr'>unam</span> <span class='ocrx_word' id='word_1_35' title='bbox 892 707 1061 739; x_wconf 81' lang='lat' dir='ltr'>mittemus</span> <span class='ocrx_word' id='word_1_36' title='bbox 1084 729 1093 738; x_wconf 92' lang='lat'>.</span> 
     </span>
    </p>

    <p class='ocr_par' dir='ltr' id='par_1_6' title="bbox 80 748 1098 1656">
     <span class='ocr_line' id='line_1_7' title="bbox 85 748 1094 795; baseline -0.006 -9"><span class='ocrx_word' id='word_1_37' title='bbox 85 754 220 786; x_wconf 79' lang='lat' dir='ltr'>Scilicet</span> <span class='ocrx_word' id='word_1_38' title='bbox 243 763 316 785; x_wconf 86' lang='lat' dir='ltr'>cum</span> <span class='ocrx_word' id='word_1_39' title='bbox 337 749 475 795; x_wconf 78' lang='lat' dir='ltr'>spirandi</span> <span class='ocrx_word' id='word_1_40' title='bbox 500 750 675 784; x_wconf 83' lang='lat' dir='ltr'>difficultas</span> <span class='ocrx_word' id='word_1_41' title='bbox 688 750 767 793; x_wconf 81' lang='lat' dir='ltr'>saepe</span> <span class='ocrx_word' id='word_1_42' title='bbox 790 749 895 784; x_wconf 85' lang='lat' dir='ltr'>tuffim</span> <span class='ocrx_word' id='word_1_43' title='bbox 911 748 1094 793; x_wconf 65' lang='lat' dir='ltr'>adjunftam</span> 
     </span>
     <span class='ocr_line' id='line_1_8' title="bbox 85 790 1096 838; baseline -0.006 -9"><span class='ocrx_word' id='word_1_44' title='bbox 85 796 200 829; x_wconf 88' lang='lat' dir='ltr'>habeat</span> <span class='ocrx_word' id='word_1_45' title='bbox 219 819 231 835; x_wconf 84' lang='lat'><em>,</em></span> <span class='ocrx_word' id='word_1_46' title='bbox 264 794 374 838; x_wconf 80' lang='lat' dir='ltr'>saepi&#39;us</span> <span class='ocrx_word' id='word_1_47' title='bbox 398 804 504 829; x_wconf 89' lang='lat' dir='ltr'>autem</span> <span class='ocrx_word' id='word_1_48' title='bbox 538 791 749 829; x_wconf 86' lang='lat' dir='ltr'>suffocatione</span> <span class='ocrx_word' id='word_1_49' title='bbox 771 793 935 834; x_wconf 85' lang='lat' dir='ltr'>finiatur‚·</span> <span class='ocrx_word' id='word_1_50' title='bbox 966 791 1004 825; x_wconf 90' lang='lat' dir='ltr'>de</span> <span class='ocrx_word' id='word_1_51' title='bbox 1037 790 1096 824; x_wconf 86' lang='lat' dir='ltr'>illa</span> 
     </span>
     <span class='ocr_line' id='line_1_9' title="bbox 85 834 1095 882; baseline -0.006 -9"><span class='ocrx_word' id='word_1_52' title='bbox 85 839 218 873; x_wconf 84' lang='lat' dir='ltr'>scribere</span> <span class='ocrx_word' id='word_1_53' title='bbox 241 849 304 871; x_wconf 87' lang='lat' dir='ltr'>non</span> <span class='ocrx_word' id='word_1_54' title='bbox 329 840 515 881; x_wconf 87' lang='lat' dir='ltr'>potuimus,</span> <span class='ocrx_word' id='word_1_55' title='bbox 538 838 618 880; x_wconf 83' lang='lat' dir='ltr'>quin</span> <span class='ocrx_word' id='word_1_56' title='bbox 642 836 733 871; x_wconf 89' lang='lat' dir='ltr'>fimul</span> <span class='ocrx_word' id='word_1_57' title='bbox 760 837 923 882; x_wconf 80' lang='lat' dir='ltr'>utriusque</span> <span class='ocrx_word' id='word_1_58' title='bbox 949 834 1062 869; x_wconf 86' lang='lat' dir='ltr'>harum</span> <span class='ocrx_word' id='word_1_59' title='bbox 1085 856 1095 872; x_wconf 87' lang='lat'>,</span> 
     </span>
     <span class='ocr_line' id='line_1_10' title="bbox 86 879 1097 922; baseline -0.005 -6"><span class='ocrx_word' id='word_1_60' title='bbox 86 883 215 916; x_wconf 88' lang='lat' dir='ltr'>alterius</span> <span class='ocrx_word' id='word_1_61' title='bbox 237 881 354 915; x_wconf 85' lang='lat' dir='ltr'><strong>diserte</strong></span> <span class='ocrx_word' id='word_1_62' title='bbox 375 906 387 922; x_wconf 83' lang='lat'><em>‚</em></span> <span class='ocrx_word' id='word_1_63' title='bbox 420 883 551 916; x_wconf 84' lang='lat' dir='ltr'>alterius</span> <span class='ocrx_word' id='word_1_64' title='bbox 575 881 624 921; x_wconf 87' lang='lat' dir='ltr'>vel</span> <span class='ocrx_word' id='word_1_65' title='bbox 656 880 847 916; x_wconf 81' lang='lat' dir='ltr'>subobscure</span> <span class='ocrx_word' id='word_1_66' title='bbox 882 879 1097 922; x_wconf 59' lang='lat' dir='ltr'>saepenumero</span> 
     </span>
     <span class='ocr_line' id='line_1_11' title="bbox 84 920 1097 971; baseline -0.006 -11"><span class='ocrx_word' id='word_1_67' title='bbox 84 926 208 960; x_wconf 90' lang='lat' dir='ltr'>mentio</span> <span class='ocrx_word' id='word_1_68' title='bbox 231 924 339 958; x_wconf 86' lang='lat' dir='ltr'>fieret.</span> <span class='ocrx_word' id='word_1_69' title='bbox 367 925 519 969; x_wconf 81' lang='lat' dir='ltr'>Idemque</span> <span class='ocrx_word' id='word_1_70' title='bbox 543 923 671 959; x_wconf 80' lang='lat' dir='ltr'>accidat</span> <span class='ocrx_word' id='word_1_71' title='bbox 701 923 816 957; x_wconf 88' lang='lat' dir='ltr'>necesse</span> <span class='ocrx_word' id='word_1_72' title='bbox 838 923 880 957; x_wconf 88' lang='lat' dir='ltr'>est</span> <span class='ocrx_word' id='word_1_73' title='bbox 909 924 943 955; x_wconf 90' lang='lat' dir='ltr'>in</span> <span class='ocrx_word' id='word_1_74' title='bbox 966 920 1097 971; x_wconf 40' lang='lat' dir='ltr'>quibus-</span> 
     </span>
     <span class='ocr_line' id='line_1_12' title="bbox 84 963 1097 1012; baseline -0.005 -10"><span class='ocrx_word' id='word_1_75' title='bbox 84 969 158 1002; x_wconf 88' lang='lat' dir='ltr'>darn</span> <span class='ocrx_word' id='word_1_76' title='bbox 181 968 256 1002; x_wconf 87' lang='lat' dir='ltr'>aliis</span> <span class='ocrx_word' id='word_1_77' title='bbox 278 968 427 1012; x_wconf 81' lang='lat' dir='ltr'>deinceps</span> <span class='ocrx_word' id='word_1_78' title='bbox 452 969 626 1003; x_wconf 66' lang='lat' dir='ltr'>traetandis</span> <span class='ocrx_word' id='word_1_79' title='bbox 651 966 791 1002; x_wconf 86' lang='lat' dir='ltr'>thoracis</span> <span class='ocrx_word' id='word_1_80' title='bbox 816 966 938 1001; x_wconf 83' lang='lat' dir='ltr'>morbis</span> <span class='ocrx_word' id='word_1_81' title='bbox 958 991 965 999; x_wconf 89' lang='lat'>.</span> <span class='ocrx_word' id='word_1_82' title='bbox 1000 963 1097 998; x_wconf 79' lang='lat' dir='ltr'>Alibi</span> 
     </span>
     <span class='ocr_line' id='line_1_13' title="bbox 83 1011 964 1056; baseline -0.003 -11"><span class='ocrx_word' id='word_1_83' title='bbox 83 1013 187 1055; x_wconf 77' lang='lat' dir='ltr'>igitur</span> <span class='ocrx_word' id='word_1_84' title='bbox 207 1023 325 1053; x_wconf 75' lang='lat' dir='ltr'>quaeres</span> <span class='ocrx_word' id='word_1_85' title='bbox 347 1024 381 1045; x_wconf 88' lang='lat' dir='ltr'>ea</span> <span class='ocrx_word' id='word_1_86' title='bbox 404 1025 475 1056; x_wconf 82' lang='lat' dir='ltr'>quae</span> <span class='ocrx_word' id='word_1_87' title='bbox 499 1011 553 1046; x_wconf 88' lang='lat' dir='ltr'>hic</span> <span class='ocrx_word' id='word_1_88' title='bbox 575 1011 757 1046; x_wconf 86' lang='lat' dir='ltr'>videbimur</span> <span class='ocrx_word' id='word_1_89' title='bbox 790 1012 941 1044; x_wconf 86' lang='lat' dir='ltr'>omittere</span> <span class='ocrx_word' id='word_1_90' title='bbox 956 1034 964 1042; x_wconf 94' lang='lat'>.</span> 
     </span>
     <span class='ocr_line' id='line_1_14' title="bbox 84 1053 1096 1100; baseline -0.004 -11"><span class='ocrx_word' id='word_1_91' title='bbox 84 1054 144 1089; x_wconf 86' lang='lat' dir='ltr'>Sed</span> <span class='ocrx_word' id='word_1_92' title='bbox 176 1066 274 1099; x_wconf 90' lang='lat' dir='ltr'>neque</span> <span class='ocrx_word' id='word_1_93' title='bbox 311 1057 459 1100; x_wconf 84' lang='lat' dir='ltr'>plurimae</span> <span class='ocrx_word' id='word_1_94' title='bbox 482 1055 733 1090; x_wconf 84' lang='lat' dir='ltr'>Observationes</span> <span class='ocrx_word' id='word_1_95' title='bbox 766 1054 871 1092; x_wconf 83' lang='lat' dir='ltr'>sunt3</span> <span class='ocrx_word' id='word_1_96' title='bbox 904 1053 925 1087; x_wconf 86' lang='lat' dir='ltr'>fi</span> <span class='ocrx_word' id='word_1_97' title='bbox 949 1063 1023 1086; x_wconf 91' lang='lat' dir='ltr'>cum</span> <span class='ocrx_word' id='word_1_98' title='bbox 1056 1053 1096 1085; x_wconf 80' lang='lat' dir='ltr'>iis</span> 
     </span>
     <span class='ocr_line' id='line_1_15' title="bbox 82 1096 1095 1148; baseline -0.005 -16"><span class='ocrx_word' id='word_1_99' title='bbox 82 1110 162 1142; x_wconf 80' lang='lat' dir='ltr'>quas</span> <span class='ocrx_word' id='word_1_100' title='bbox 180 1098 328 1148; x_wconf 73' lang='lat' dir='ltr'>superior</span> <span class='ocrx_word' id='word_1_101' title='bbox 351 1100 699 1146; x_wconf 47' lang='lat' dir='ltr'>compleuitur-Seetio</span> <span class='ocrx_word' id='word_1_102' title='bbox 723 1103 736 1140; x_wconf 90' lang='lat'>(</span> <span class='ocrx_word' id='word_1_103' title='bbox 759 1110 776 1132; x_wconf 85' lang='lat' dir='ltr'>a</span> <span class='ocrx_word' id='word_1_104' title='bbox 800 1102 841 1148; x_wconf 45' lang='lat'>)·,</span> <span class='ocrx_word' id='word_1_105' title='bbox 866 1096 1095 1146; x_wconf 79' lang='lat' dir='ltr'>conferantur,-</span> 
     </span>
     <span class='ocr_line' id='line_1_16' title="bbox 83 1140 1094 1230; baseline -0.007 -10"><span class='ocrx_word' id='word_1_106' title='bbox 83 1140 680 1230; x_wconf 46' lang='lat' dir='ltr'>*rte{inas{321515555335202-&#39;5</span> <span class='ocrx_word' id='word_1_107' title='bbox 695 1140 1094 1229; x_wconf 48' lang='lat' dir='ltr'>hssssttis‘heff‘ffissssiddffi</span> 
     </span>
     <span class='ocr_line' id='line_1_17' title="bbox 82 1228 1096 1273; baseline -0.003 -11"><span class='ocrx_word' id='word_1_108' title='bbox 82 1228 161 1263; x_wconf 85' lang='lat' dir='ltr'>serte</span> <span class='ocrx_word' id='word_1_109' title='bbox 184 1230 285 1273; x_wconf 88' lang='lat' dir='ltr'>repeti</span> <span class='ocrx_word' id='word_1_110' title='bbox 310 1229 414 1273; x_wconf 85' lang='lat' dir='ltr'>plures</span> <span class='ocrx_word' id='word_1_111' title='bbox 434 1255 443 1270; x_wconf 88' lang='lat'>‚</span> <span class='ocrx_word' id='word_1_112' title='bbox 474 1230 642 1264; x_wconf 83' lang='lat' dir='ltr'>nonnullas</span> <span class='ocrx_word' id='word_1_113' title='bbox 665 1241 791 1273; x_wconf 85' lang='lat' dir='ltr'>quoque</span> <span class='ocrx_word' id='word_1_114' title='bbox 814 1240 867 1272; x_wconf 89' lang='lat' dir='ltr'>per</span> <span class='ocrx_word' id='word_1_115' title='bbox 889 1229 1047 1273; x_wconf 78' lang='lat' dir='ltr'>incuriam</span> <span class='ocrx_word' id='word_1_116' title='bbox 1072 1228 1096 1259; x_wconf 91' lang='lat' dir='ltr'>i-</span> 
     </span>
     <span class='ocr_line' id='line_1_18' title="bbox 81 1272 1096 1316; baseline -0.002 -11"><span class='ocrx_word' id='word_1_117' title='bbox 81 1272 180 1305; x_wconf 86' lang='lat' dir='ltr'>terari</span> <span class='ocrx_word' id='word_1_118' title='bbox 211 1297 219 1306; x_wconf 88' lang='lat'>.</span> <span class='ocrx_word' id='word_1_119' title='bbox 255 1274 307 1307; x_wconf 90' lang='lat' dir='ltr'>Sic</span> <span class='ocrx_word' id='word_1_120' title='bbox 324 1275 417 1310; x_wconf 66' lang='lat' dir='ltr'>,enim</span> <span class='ocrx_word' id='word_1_121' title='bbox 453 1286 523 1316; x_wconf 83' lang='lat' dir='ltr'>quae</span> <span class='ocrx_word' id='word_1_122' title='bbox 548 1273 601 1309; x_wconf 88' lang='lat' dir='ltr'>hic</span> <span class='ocrx_word' id='word_1_123' title='bbox 625 1272 680 1307; x_wconf 87' lang='lat' dir='ltr'>sub</span> <span class='ocrx_word' id='word_1_124' title='bbox 702 1284 791 1307; x_wconf 90' lang='lat' dir='ltr'>num.</span> <span class='ocrx_word' id='word_1_125' title='bbox 817 1273 906 1305; x_wconf 88' lang='lat' dir='ltr'>XXI.</span> <span class='ocrx_word' id='word_1_126' title='bbox 931 1272 1004 1306; x_wconf 87' lang='lat' dir='ltr'>data</span> <span class='ocrx_word' id='word_1_127' title='bbox 1028 1272 1096 1304; x_wconf 76' lang='lat' dir='ltr'>iue-</span> 
     </span>
     <span class='ocr_line' id='line_1_19' title="bbox 82 1313 1096 1361; baseline -0.004 -10"><span class='ocrx_word' id='word_1_128' title='bbox 82 1325 154 1356; x_wconf 88' lang='lat' dir='ltr'>rat,</span> <span class='ocrx_word' id='word_1_129' title='bbox 180 1327 258 1351; x_wconf 87' lang='lat' dir='ltr'>mox</span> <span class='ocrx_word' id='word_1_130' title='bbox 281 1319 450 1361; x_wconf 80' lang='lat' dir='ltr'>reponitur</span> <span class='ocrx_word' id='word_1_131' title='bbox 474 1317 531 1351; x_wconf 81' lang='lat' dir='ltr'>sub</span> <span class='ocrx_word' id='word_1_132' title='bbox 552 1318 672 1350; x_wconf 87' lang='lat' dir='ltr'>XXIX.</span> <span class='ocrx_word' id='word_1_133' title='bbox 700 1319 733 1350; x_wconf 76' lang='grc' dir='ltr'>δε</span> <span class='ocrx_word' id='word_1_134' title='bbox 755 1327 853 1360; x_wconf 86' lang='lat' dir='ltr'>quam</span> <span class='ocrx_word' id='word_1_135' title='bbox 878 1313 1096 1356; x_wconf 86' lang='lat' dir='ltr'>Bonetusipse</span> 
     </span>
     <span class='ocr_line' id='line_1_20' title="bbox 84 1359 1098 1404; baseline -0.003 -11"><span class='ocrx_word' id='word_1_136' title='bbox 84 1360 294 1404; x_wconf 67' lang='lat' dir='ltr'>proposuerat</span> <span class='ocrx_word' id='word_1_137' title='bbox 328 1361 383 1396; x_wconf 86' lang='lat' dir='ltr'>sub</span> <span class='ocrx_word' id='word_1_138' title='bbox 405 1363 480 1396; x_wconf 90' lang='lat' dir='ltr'>XV.</span> <span class='ocrx_word' id='word_1_139' title='bbox 504 1364 517 1401; x_wconf 90' lang='lat'>(</span> <span class='ocrx_word' id='word_1_140' title='bbox 540 1359 559 1394; x_wconf 87' lang='lat' dir='ltr'><em>b</em></span> <span class='ocrx_word' id='word_1_141' title='bbox 582 1365 626 1403; x_wconf 85' lang='lat'>&gt;,</span> <span class='ocrx_word' id='word_1_142' title='bbox 658 1359 766 1394; x_wconf 83' lang='lat' dir='ltr'>eadem</span> <span class='ocrx_word' id='word_1_143' title='bbox 790 1361 826 1393; x_wconf 87' lang='lat' dir='ltr'>in</span> <span class='ocrx_word' id='word_1_144' title='bbox 855 1359 1098 1394; x_wconf 90' lang='lat' dir='ltr'>Additamentis</span> 
     </span>
     <span class='ocr_line' id='line_1_21' title="bbox 81 1403 1098 1446; baseline -0.004 -8"><span class='ocrx_word' id='word_1_145' title='bbox 81 1403 186 1438; x_wconf 89' lang='lat' dir='ltr'>rursus</span> <span class='ocrx_word' id='word_1_146' title='bbox 210 1404 330 1446; x_wconf 84' lang='lat' dir='ltr'>legitur</span> <span class='ocrx_word' id='word_1_147' title='bbox 363 1405 421 1440; x_wconf 90' lang='lat' dir='ltr'>sub</span> <span class='ocrx_word' id='word_1_148' title='bbox 445 1406 511 1439; x_wconf 84' lang='grc' dir='ltr'>ΙΙΙ,</span> <span class='ocrx_word' id='word_1_149' title='bbox 537 1406 575 1438; x_wconf 89' lang='lat' dir='ltr'>In</span> <span class='ocrx_word' id='word_1_150' title='bbox 608 1405 754 1446; x_wconf 86' lang='lat' dir='ltr'>proxima</span> <span class='ocrx_word' id='word_1_151' title='bbox 787 1412 892 1438; x_wconf 89' lang='lat' dir='ltr'>autem</span> <span class='ocrx_word' id='word_1_152' title='bbox 916 1403 1062 1438; x_wconf 61' lang='lat' dir='ltr'>Sectione</span> <span class='ocrx_word' id='word_1_153' title='bbox 1085 1424 1098 1441; x_wconf 83' lang='lat'>,</span> 
     </span>
     <span class='ocr_line' id='line_1_22' title="bbox 83 1446 1095 1492; baseline -0.004 -11"><span class='ocrx_word' id='word_1_154' title='bbox 83 1446 193 1483; x_wconf 89' lang='lat' dir='ltr'>eadem</span> <span class='ocrx_word' id='word_1_155' title='bbox 218 1447 294 1489; x_wconf 17' lang='lat' dir='ltr'>sunt*</span> <span class='ocrx_word' id='word_1_156' title='bbox 314 1450 380 1482; x_wconf 91' lang='lat' dir='ltr'>III.</span> <span class='ocrx_word' id='word_1_157' title='bbox 407 1452 440 1482; x_wconf 73' lang='grc' dir='ltr'>δε</span> <span class='ocrx_word' id='word_1_158' title='bbox 462 1461 492 1492; x_wconf 83' lang='lat'>4.</span> <span class='ocrx_word' id='word_1_159' title='bbox 518 1449 551 1481; x_wconf 91' lang='lat' dir='ltr'>in</span> <span class='ocrx_word' id='word_1_160' title='bbox 572 1448 812 1486; x_wconf 76' lang='lat' dir='ltr'>XVIII5XII.</span> <span class='ocrx_word' id='word_1_161' title='bbox 839 1450 872 1480; x_wconf 87' lang='lat'>&amp;</span> <span class='ocrx_word' id='word_1_162' title='bbox 905 1447 985 1486; x_wconf 88' lang='lat' dir='ltr'>XV;</span> <span class='ocrx_word' id='word_1_163' title='bbox 1011 1456 1038 1478; x_wconf 91' lang='lat'>1.</span> <span class='ocrx_word' id='word_1_164' title='bbox 1064 1447 1095 1478; x_wconf 86' lang='lat'>&amp;</span> 
     </span>
     <span class='ocr_line' id='line_1_23' title="bbox 81 1491 1093 1535; baseline -0.002 -11"><span class='ocrx_word' id='word_1_165' title='bbox 81 1504 115 1535; x_wconf 89' lang='lat'>7.</span> <span class='ocrx_word' id='word_1_166' title='bbox 140 1491 174 1524; x_wconf 87' lang='lat' dir='ltr'>in</span> <span class='ocrx_word' id='word_1_167' title='bbox 195 1492 313 1531; x_wconf 87' lang='lat' dir='ltr'>XV11;</span> <span class='ocrx_word' id='word_1_168' title='bbox 336 1503 367 1534; x_wconf 86' lang='lat'>3.</span> <span class='ocrx_word' id='word_1_169' title='bbox 399 1493 434 1525; x_wconf 90' lang='lat' dir='ltr'>in</span> <span class='ocrx_word' id='word_1_170' title='bbox 457 1493 590 1526; x_wconf 73' lang='lat' dir='ltr'>XVIII.</span> <span class='ocrx_word' id='word_1_171' title='bbox 615 1493 648 1524; x_wconf 88' lang='lat'>&amp;</span> <span class='ocrx_word' id='word_1_172' title='bbox 682 1501 711 1524; x_wconf 88' lang='lat'>2.</span> <span class='ocrx_word' id='word_1_173' title='bbox 744 1492 778 1523; x_wconf 89' lang='lat' dir='ltr'>in</span> <span class='ocrx_word' id='word_1_174' title='bbox 809 1491 902 1529; x_wconf 82' lang='lat' dir='ltr'>XIX3</span> <span class='ocrx_word' id='word_1_175' title='bbox 933 1491 1034 1523; x_wconf 87' lang='lat' dir='ltr'>XXX.</span> <span class='ocrx_word' id='word_1_176' title='bbox 1059 1492 1093 1522; x_wconf 83' lang='lat'>&amp;</span> 
     </span>
     <span class='ocr_line' id='line_1_24' title="bbox 80 1532 1093 1576; baseline -0.003 -9"><span class='ocrx_word' id='word_1_177' title='bbox 80 1539 119 1573; x_wconf 67' lang='grc'>6.,</span> <span class='ocrx_word' id='word_1_178' title='bbox 138 1535 172 1572; x_wconf 76' lang='lat' dir='ltr'>iti</span> <span class='ocrx_word' id='word_1_179' title='bbox 193 1534 371 1573; x_wconf 80' lang='lat' dir='ltr'>XXXVH3</span> <span class='ocrx_word' id='word_1_180' title='bbox 394 1537 516 1570; x_wconf 87' lang='lat' dir='ltr'>XXXI.</span> <span class='ocrx_word' id='word_1_181' title='bbox 543 1538 575 1568; x_wconf 70' lang='grc' dir='ltr'>δι</span> <span class='ocrx_word' id='word_1_182' title='bbox 600 1535 629 1567; x_wconf 82' lang='grc'>8.</span> <span class='ocrx_word' id='word_1_183' title='bbox 655 1534 689 1567; x_wconf 92' lang='lat' dir='ltr'>in</span> <span class='ocrx_word' id='word_1_184' title='bbox 712 1535 849 1573; x_wconf 81' lang='lat' dir='ltr'>XVIII3</span> <span class='ocrx_word' id='word_1_185' title='bbox 875 1536 906 1567; x_wconf 75' lang='grc' dir='ltr'>δε</span> <span class='ocrx_word' id='word_1_186' title='bbox 929 1532 1016 1576; x_wconf 88' lang='lat' dir='ltr'>quod</span> <span class='ocrx_word' id='word_1_187' title='bbox 1040 1543 1093 1565; x_wconf 87' lang='lat' dir='ltr'>ne-</span> 
     </span>
     <span class='ocr_line' id='line_1_25' title="bbox 80 1576 1093 1655; baseline -0.003 -44"><span class='ocrx_word' id='word_1_188' title='bbox 80 1576 259 1655; x_wconf 46' lang='grc' dir='ltr'>ξτιοὶὲἓεϋε</span> <span class='ocrx_word' id='word_1_189' title='bbox 282 1578 425 1614; x_wconf 89' lang='lat' dir='ltr'>crederet</span> <span class='ocrx_word' id='word_1_190' title='bbox 449 1603 463 1621; x_wconf 94' lang='lat'><em>‚</em></span> <span class='ocrx_word' id='word_1_191' title='bbox 499 1578 568 1613; x_wconf 88' lang='lat' dir='ltr'>duae</span> <span class='ocrx_word' id='word_1_192' title='bbox 592 1579 677 1613; x_wconf 89' lang='lat' dir='ltr'>inter</span> <span class='ocrx_word' id='word_1_193' title='bbox 714 1577 743 1613; x_wconf 88' lang='lat' dir='ltr'>se</span> <span class='ocrx_word' id='word_1_194' title='bbox 765 1578 927 1621; x_wconf 68' lang='lat' dir='ltr'>proximae,</span> <span class='ocrx_word' id='word_1_195' title='bbox 950 1588 982 1621; x_wconf 89' lang='lat'>4.</span> <span class='ocrx_word' id='word_1_196' title='bbox 1008 1578 1041 1609; x_wconf 72' lang='grc' dir='ltr'>δε</span> <span class='ocrx_word' id='word_1_197' title='bbox 1063 1586 1093 1619; x_wconf 84' lang='lat'>5.</span> 
     </span>
     <span class='ocr_line' id='line_1_26' title="bbox 80 1633 207 1656; baseline -0.024 0"><span class='ocrx_word' id='word_1_198' title='bbox 80 1633 115 1656; x_wconf 85' lang='lat' dir='ltr'>m</span> <span class='ocrx_word' id='word_1_199' title='bbox 202 1648 207 1653; x_wconf 94' lang='lat'>.</span> 
     </span>
    </p>

    <p class='ocr_par' dir='ltr' id='par_1_7' title="bbox 81 1662 1098 2185">
     <span class='ocr_line' id='line_1_27' title="bbox 127 1662 1098 1710; baseline -0.002 -11"><span class='ocrx_word' id='word_1_200' title='bbox 127 1676 157 1696; x_wconf 87' lang='lat'>2-</span> <span class='ocrx_word' id='word_1_201' title='bbox 184 1664 354 1710; x_wconf 85' lang='lat' dir='ltr'>Qoniam</span> <span class='ocrx_word' id='word_1_202' title='bbox 376 1676 451 1698; x_wconf 88' lang='lat' dir='ltr'>vero</span> <span class='ocrx_word' id='word_1_203' title='bbox 472 1662 654 1699; x_wconf 83' lang='lat' dir='ltr'>Suffocatio</span> <span class='ocrx_word' id='word_1_204' title='bbox 678 1675 744 1697; x_wconf 89' lang='lat' dir='ltr'>non</span> <span class='ocrx_word' id='word_1_205' title='bbox 768 1664 808 1697; x_wconf 91' lang='lat' dir='ltr'>ab</span> <span class='ocrx_word' id='word_1_206' title='bbox 833 1664 968 1699; x_wconf 88' lang='lat' dir='ltr'>internis</span> <span class='ocrx_word' id='word_1_207' title='bbox 993 1662 1098 1698; x_wconf 90' lang='lat' dir='ltr'>solum</span> 
     </span>
     <span class='ocr_line' id='line_1_28' title="bbox 81 1707 1098 1749; baseline -0.002 -7"><span class='ocrx_word' id='word_1_208' title='bbox 81 1708 180 1743; x_wconf 82' lang='lat' dir='ltr'>caulis</span> <span class='ocrx_word' id='word_1_209' title='bbox 203 1710 323 1746; x_wconf 85' lang='lat' dir='ltr'>accidit</span> <span class='ocrx_word' id='word_1_210' title='bbox 336 1721 347 1749; x_wconf 75' lang='lat'>5</span> <span class='ocrx_word' id='word_1_211' title='bbox 372 1708 421 1742; x_wconf 90' lang='lat' dir='ltr'>sed</span> <span class='ocrx_word' id='word_1_212' title='bbox 445 1709 541 1742; x_wconf 89' lang='lat' dir='ltr'>etiam</span> <span class='ocrx_word' id='word_1_213' title='bbox 566 1708 605 1741; x_wconf 87' lang='lat' dir='ltr'>ab</span> <span class='ocrx_word' id='word_1_214' title='bbox 629 1707 822 1742; x_wconf 84' lang='lat' dir='ltr'>extrinsecus</span> <span class='ocrx_word' id='word_1_215' title='bbox 834 1707 1098 1747; x_wconf 83' lang='lat' dir='ltr'>advenientibus,</span> 
     </span>
     <span class='ocr_line' id='line_1_29' title="bbox 82 1751 1098 1796; baseline -0.002 -10"><span class='ocrx_word' id='word_1_216' title='bbox 82 1764 159 1796; x_wconf 84' lang='lat' dir='ltr'>quas</span> <span class='ocrx_word' id='word_1_217' title='bbox 183 1753 316 1796; x_wconf 82' lang='lat' dir='ltr'>quidem</span> <span class='ocrx_word' id='word_1_218' title='bbox 340 1751 494 1786; x_wconf 55' lang='lat' dir='ltr'>haeftenus</span> <span class='ocrx_word' id='word_1_219' title='bbox 518 1763 584 1786; x_wconf 86' lang='lat' dir='ltr'>non</span> <span class='ocrx_word' id='word_1_220' title='bbox 608 1752 778 1794; x_wconf 84' lang='lat' dir='ltr'>attigimus</span> <span class='ocrx_word' id='word_1_221' title='bbox 801 1764 814 1792; x_wconf 88' lang='lat'><em>;</em></span> <span class='ocrx_word' id='word_1_222' title='bbox 838 1752 876 1785; x_wconf 89' lang='lat' dir='ltr'>ab</span> <span class='ocrx_word' id='word_1_223' title='bbox 898 1751 961 1785; x_wconf 89' lang='lat' dir='ltr'>hoc</span> <span class='ocrx_word' id='word_1_224' title='bbox 985 1763 1098 1793; x_wconf 77' lang='lat' dir='ltr'>genere</span> 
     </span>
     <span class='ocr_line' id='line_1_30' title="bbox 83 1795 1094 1840; baseline 0.001 -11"><span class='ocrx_word' id='word_1_225' title='bbox 83 1797 302 1839; x_wconf 84' lang='lat' dir='ltr'>incipiemus:</span> <span class='ocrx_word' id='word_1_226' title='bbox 330 1800 362 1830; x_wconf 86' lang='lat'>&amp;</span> <span class='ocrx_word' id='word_1_227' title='bbox 387 1797 499 1839; x_wconf 87' lang='lat' dir='ltr'>primo</span> <span class='ocrx_word' id='word_1_228' title='bbox 511 1797 587 1829; x_wconf 94' lang='lat' dir='ltr'>loco</span> <span class='ocrx_word' id='word_1_229' title='bbox 602 1819 615 1836; x_wconf 85' lang='lat'>‚</span> <span class='ocrx_word' id='word_1_230' title='bbox 636 1795 913 1840; x_wconf 67' lang='lat' dir='ltr'>quemadmodum</span> <span class='ocrx_word' id='word_1_231' title='bbox 938 1795 1031 1829; x_wconf 88' lang='lat' dir='ltr'>soliti</span> <span class='ocrx_word' id='word_1_232' title='bbox 1043 1795 1094 1830; x_wconf 88' lang='lat' dir='ltr'>su-</span> 
     </span>
     <span class='ocr_line' id='line_1_31' title="bbox 81 1837 1095 1885; baseline -0.002 -12"><span class='ocrx_word' id='word_1_233' title='bbox 81 1851 151 1880; x_wconf 85' lang='lat' dir='ltr'>mus</span> <span class='ocrx_word' id='word_1_234' title='bbox 161 1840 180 1880; x_wconf 69' lang='grc'>’,,</span> <span class='ocrx_word' id='word_1_235' title='bbox 197 1842 323 1885; x_wconf 79' lang='lat' dir='ltr'>aliquas</span> <span class='ocrx_word' id='word_1_236' title='bbox 347 1840 412 1874; x_wconf 89' lang='lat' dir='ltr'>tibi</span> <span class='ocrx_word' id='word_1_237' title='bbox 445 1839 607 1873; x_wconf 85' lang='lat' dir='ltr'>Valsalvae</span> <span class='ocrx_word' id='word_1_238' title='bbox 629 1838 730 1872; x_wconf 88' lang='lat' dir='ltr'>nostri</span> <span class='ocrx_word' id='word_1_239' title='bbox 755 1838 1009 1876; x_wconf 80' lang='lat' dir='ltr'>Observationes</span> <span class='ocrx_word' id='word_1_240' title='bbox 1041 1837 1095 1872; x_wconf 89' lang='lat' dir='ltr'>de-</span> 
     </span>
     <span class='ocr_line' id='line_1_32' title="bbox 81 1881 1095 1927; baseline -0.003 -9"><span class='ocrx_word' id='word_1_241' title='bbox 81 1883 276 1918; x_wconf 85' lang='lat' dir='ltr'>scribemus:</span> <span class='ocrx_word' id='word_1_242' title='bbox 301 1883 419 1926; x_wconf 86' lang='lat' dir='ltr'>quibus</span> <span class='ocrx_word' id='word_1_243' title='bbox 441 1883 511 1926; x_wconf 86' lang='lat' dir='ltr'>post</span> <span class='ocrx_word' id='word_1_244' title='bbox 533 1881 685 1926; x_wconf 84' lang='lat' dir='ltr'>quasdam</span> <span class='ocrx_word' id='word_1_245' title='bbox 710 1881 830 1918; x_wconf 83' lang='lat' dir='ltr'>nostras</span> <span class='ocrx_word' id='word_1_246' title='bbox 850 1907 863 1923; x_wconf 81' lang='lat'><em>‚</em></span> <span class='ocrx_word' id='word_1_247' title='bbox 897 1893 1095 1927; x_wconf 76' lang='lat' dir='ltr'>quaecunque</span> 
     </span>
     <span class='ocr_line' id='line_1_33' title="bbox 82 1925 1096 1970; baseline -0.001 -8"><span class='ocrx_word' id='word_1_248' title='bbox 82 1939 125 1962; x_wconf 74' lang='lat' dir='ltr'>eae</span> <span class='ocrx_word' id='word_1_249' title='bbox 147 1926 230 1969; x_wconf 73' lang='lat' dir='ltr'>lint,</span> <span class='ocrx_word' id='word_1_250' title='bbox 255 1927 409 1961; x_wconf 85' lang='lat' dir='ltr'>nonnulla</span> <span class='ocrx_word' id='word_1_251' title='bbox 433 1938 563 1970; x_wconf 82' lang='lat' dir='ltr'>quoque</span> <span class='ocrx_word' id='word_1_252' title='bbox 586 1926 625 1960; x_wconf 90' lang='lat' dir='ltr'>ab</span> <span class='ocrx_word' id='word_1_253' title='bbox 648 1925 760 1960; x_wconf 89' lang='lat' dir='ltr'>eodem</span> <span class='ocrx_word' id='word_1_254' title='bbox 783 1949 792 1965; x_wconf 93' lang='lat'>‚</span> <span class='ocrx_word' id='word_1_255' title='bbox 822 1931 854 1961; x_wconf 73' lang='grc' dir='ltr'>δε</span> <span class='ocrx_word' id='word_1_256' title='bbox 879 1938 894 1959; x_wconf 87' lang='lat' dir='ltr'>a</span> <span class='ocrx_word' id='word_1_257' title='bbox 918 1926 1012 1961; x_wconf 87' lang='lat' dir='ltr'>nobis</span> <span class='ocrx_word' id='word_1_258' title='bbox 1036 1925 1096 1961; x_wconf 82' lang='lat' dir='ltr'>ha.-</span> 
     </span>
     <span class='ocr_line' id='line_1_34' title="bbox 81 1970 1094 2014; baseline -0.001 -9"><span class='ocrx_word' id='word_1_259' title='bbox 81 1972 151 2005; x_wconf 89' lang='lat' dir='ltr'>bita</span> <span class='ocrx_word' id='word_1_260' title='bbox 175 1972 394 2014; x_wconf 77' lang='lat' dir='ltr'>experimenta</span> <span class='ocrx_word' id='word_1_261' title='bbox 418 1970 643 2014; x_wconf 81' lang='lat' dir='ltr'>subjiciemus.</span> <span class='ocrx_word' id='word_1_262' title='bbox 671 1971 763 2004; x_wconf 90' lang='lat' dir='ltr'>Tum</span> <span class='ocrx_word' id='word_1_263' title='bbox 781 1983 856 2003; x_wconf 88' lang='lat' dir='ltr'>vero</span> <span class='ocrx_word' id='word_1_264' title='bbox 881 1971 920 2004; x_wconf 91' lang='lat' dir='ltr'>ab</span> <span class='ocrx_word' id='word_1_265' title='bbox 944 1981 984 2004; x_wconf 91' lang='lat' dir='ltr'>eo</span> <span class='ocrx_word' id='word_1_266' title='bbox 999 1980 1094 2013; x_wconf 77' lang='lat' dir='ltr'>gene,-</span> 
     </span>
     <span class='ocr_line' id='line_1_35' title="bbox 87 2013 1094 2061; baseline -0.002 -13"><span class='ocrx_word' id='word_1_267' title='bbox 87 2027 120 2048; x_wconf 80' lang='lat' dir='ltr'>re</span> <span class='ocrx_word' id='word_1_268' title='bbox 146 2013 185 2048; x_wconf 88' lang='lat' dir='ltr'>ad</span> <span class='ocrx_word' id='word_1_269' title='bbox 210 2015 348 2049; x_wconf 86' lang='lat' dir='ltr'>alterum</span> <span class='ocrx_word' id='word_1_270' title='bbox 358 2013 553 2049; x_wconf 89' lang='lat' dir='ltr'>transeuntes</span> <span class='ocrx_word' id='word_1_271' title='bbox 576 2017 777 2052; x_wconf 85' lang='lat' dir='ltr'>internarum</span> <span class='ocrx_word' id='word_1_272' title='bbox 790 2013 952 2050; x_wconf 86' lang='lat' dir='ltr'>causarum</span> <span class='ocrx_word' id='word_1_273' title='bbox 969 2040 976 2052; x_wconf 88' lang='lat'>‚</span> <span class='ocrx_word' id='word_1_274' title='bbox 998 2013 1094 2061; x_wconf 64' lang='lat' dir='ltr'>liquae</span> 
     </span>
     <span class='ocr_line' id='line_1_36' title="bbox 83 2057 1095 2102; baseline -0.001 -11"><span class='ocrx_word' id='word_1_275' title='bbox 83 2058 180 2094; x_wconf 85' lang='lat' dir='ltr'>nobis</span> <span class='ocrx_word' id='word_1_276' title='bbox 214 2068 305 2093; x_wconf 88' lang='lat' dir='ltr'>erunt</span> <span class='ocrx_word' id='word_1_277' title='bbox 329 2057 580 2093; x_wconf 84' lang='lat' dir='ltr'>Observationes</span> <span class='ocrx_word' id='word_1_278' title='bbox 612 2059 757 2100; x_wconf 86' lang='lat' dir='ltr'>primum</span> <span class='ocrx_word' id='word_1_279' title='bbox 779 2070 851 2102; x_wconf 85' lang='lat' dir='ltr'>quae</span> <span class='ocrx_word' id='word_1_280' title='bbox 888 2057 928 2092; x_wconf 88' lang='lat' dir='ltr'>ad</span> <span class='ocrx_word' id='word_1_281' title='bbox 951 2058 1095 2093; x_wconf 85' lang='lat' dir='ltr'>Sustoca-</span> 
     </span>
     <span class='ocr_line' id='line_1_37' title="bbox 82 2101 1095 2146; baseline -0.002 -11"><span class='ocrx_word' id='word_1_282' title='bbox 82 2103 229 2143; x_wconf 88' lang='lat' dir='ltr'>tionem,</span> <span class='ocrx_word' id='word_1_283' title='bbox 254 2102 368 2137; x_wconf 88' lang='lat' dir='ltr'>deinde</span> <span class='ocrx_word' id='word_1_284' title='bbox 390 2103 490 2136; x_wconf 83' lang='lat' dir='ltr'>etiam</span> <span class='ocrx_word' id='word_1_285' title='bbox 513 2114 585 2146; x_wconf 79' lang='lat' dir='ltr'>quae</span> <span class='ocrx_word' id='word_1_286' title='bbox 609 2103 648 2137; x_wconf 86' lang='lat' dir='ltr'>ad</span> <span class='ocrx_word' id='word_1_287' title='bbox 672 2101 797 2136; x_wconf 82' lang='lat' dir='ltr'>Tuffim</span> <span class='ocrx_word' id='word_1_288' title='bbox 815 2103 1023 2145; x_wconf 84' lang='lat' dir='ltr'>peculiariter</span> <span class='ocrx_word' id='word_1_289' title='bbox 1047 2109 1095 2134; x_wconf 80' lang='lat' dir='ltr'>at-</span> 
     </span>
     <span class='ocr_line' id='line_1_38' title="bbox 82 2146 1077 2185; baseline -0.002 -6"><span class='ocrx_word' id='word_1_290' title='bbox 82 2147 227 2185; x_wconf 60' lang='lat' dir='ltr'>tineant3</span> <span class='ocrx_word' id='word_1_291' title='bbox 251 2157 316 2180; x_wconf 92' lang='lat' dir='ltr'>non</span> <span class='ocrx_word' id='word_1_292' title='bbox 340 2146 563 2180; x_wconf 84' lang='lat' dir='ltr'>reticebimus.</span> <span class='ocrx_word' id='word_1_293' title='bbox 1071 2149 1077 2153; x_wconf 75' lang='grc'><strong>“</strong></span> 
     </span>
    </p>

    <p class='ocr_par' dir='ltr' id='par_1_8' title="bbox 83 2186 1100 2702">
     <span class='ocr_line' id='line_1_39' title="bbox 117 2186 1098 2235; baseline -0.003 -13"><span class='ocrx_word' id='word_1_294' title='bbox 117 2190 124 2198; x_wconf 71' lang='lat'>‘¹</span> <span class='ocrx_word' id='word_1_295' title='bbox 150 2214 157 2222; x_wconf 92' lang='lat'>.</span> <span class='ocrx_word' id='word_1_296' title='bbox 184 2190 376 2225; x_wconf 86' lang='lat' dir='ltr'>MULIER</span> <span class='ocrx_word' id='word_1_297' title='bbox 398 2190 492 2223; x_wconf 89' lang='lat' dir='ltr'>unius</span> <span class='ocrx_word' id='word_1_298' title='bbox 523 2192 556 2222; x_wconf 86' lang='lat'>&amp;</span> <span class='ocrx_word' id='word_1_299' title='bbox 579 2190 699 2235; x_wconf 82' lang='lat' dir='ltr'>viginti</span> <span class='ocrx_word' id='word_1_300' title='bbox 738 2199 897 2223; x_wconf 89' lang='lat' dir='ltr'>annorum</span> <span class='ocrx_word' id='word_1_301' title='bbox 930 2186 1098 2230; x_wconf 85' lang='lat' dir='ltr'>suspendio</span> 
     </span>
     <span class='ocr_line' id='line_1_40' title="bbox 83 2201 1098 2276; baseline -0.004 -9"><span class='ocrx_word' id='word_1_302' title='bbox 83 2201 209 2276; x_wconf 58' lang='lat' dir='ltr'>publice</span> <span class='ocrx_word' id='word_1_303' title='bbox 241 2242 352 2267; x_wconf 87' lang='lat' dir='ltr'>necata</span> <span class='ocrx_word' id='word_1_304' title='bbox 385 2231 428 2266; x_wconf 90' lang='lat' dir='ltr'>est</span> <span class='ocrx_word' id='word_1_305' title='bbox 452 2258 460 2266; x_wconf 93' lang='lat'>.</span> <span class='ocrx_word' id='word_1_306' title='bbox 592 2232 824 2266; x_wconf 86' lang='lat' dir='ltr'>CADAVER</span> <span class='ocrx_word' id='word_1_307' title='bbox 859 2232 899 2266; x_wconf 83' lang='lat' dir='ltr'>ad</span> <span class='ocrx_word' id='word_1_308' title='bbox 931 2228 1062 2264; x_wconf 91' lang='lat' dir='ltr'>dorsum</span> <span class='ocrx_word' id='word_1_309' title='bbox 1086 2254 1098 2270; x_wconf 88' lang='lat'><em>‚</em></span> 
     </span>
     <span class='ocr_line' id='line_1_41' title="bbox 85 2273 1098 2319; baseline -0.004 -9"><span class='ocrx_word' id='word_1_310' title='bbox 85 2276 237 2317; x_wconf 85' lang='lat' dir='ltr'>lumbos,</span> <span class='ocrx_word' id='word_1_311' title='bbox 261 2275 432 2319; x_wconf 82' lang='lat' dir='ltr'>naresque,</span> <span class='ocrx_word' id='word_1_312' title='bbox 453 2283 525 2309; x_wconf 88' lang='lat' dir='ltr'>cute</span> <span class='ocrx_word' id='word_1_313' title='bbox 547 2283 613 2308; x_wconf 88' lang='lat' dir='ltr'>erat</span> <span class='ocrx_word' id='word_1_314' title='bbox 636 2275 715 2308; x_wconf 88' lang='lat' dir='ltr'>alibi</span> <span class='ocrx_word' id='word_1_315' title='bbox 730 2273 910 2316; x_wconf 87' lang='lat' dir='ltr'>subrubra,</span> <span class='ocrx_word' id='word_1_316' title='bbox 931 2273 1010 2307; x_wconf 88' lang='lat' dir='ltr'>alibi</span> <span class='ocrx_word' id='word_1_317' title='bbox 1025 2273 1098 2307; x_wconf 91' lang='lat' dir='ltr'>sub-</span> 
     </span>
     <span class='ocr_line' id='line_1_42' title="bbox 86 2317 1099 2361; baseline -0.004 -8"><span class='ocrx_word' id='word_1_318' title='bbox 86 2319 205 2356; x_wconf 81' lang='lat' dir='ltr'>livida.</span> <span class='ocrx_word' id='word_1_319' title='bbox 231 2319 288 2353; x_wconf 74' lang='lat' dir='ltr'>Os</span> <span class='ocrx_word' id='word_1_320' title='bbox 304 2318 499 2359; x_wconf 86' lang='lat' dir='ltr'>distortum,</span> <span class='ocrx_word' id='word_1_321' title='bbox 522 2317 609 2352; x_wconf 87' lang='lat' dir='ltr'>oculi</span> <span class='ocrx_word' id='word_1_322' title='bbox 634 2318 816 2361; x_wconf 84' lang='lat' dir='ltr'>semiaperti</span> <span class='ocrx_word' id='word_1_323' title='bbox 839 2344 848 2358; x_wconf 90' lang='lat'>,</span> <span class='ocrx_word' id='word_1_324' title='bbox 871 2317 968 2353; x_wconf 85' lang='lat' dir='ltr'>facies</span> <span class='ocrx_word' id='word_1_325' title='bbox 992 2327 1099 2351; x_wconf 87' lang='lat' dir='ltr'>autern</span> 
     </span>
     <span class='ocr_line' id='line_1_43' title="bbox 86 2361 1099 2406; baseline -0.005 -9"><span class='ocrx_word' id='word_1_326' title='bbox 86 2371 157 2398; x_wconf 84' lang='lat' dir='ltr'>tota</span> <span class='ocrx_word' id='word_1_327' title='bbox 181 2361 307 2403; x_wconf 84' lang='lat' dir='ltr'>livida,</span> <span class='ocrx_word' id='word_1_328' title='bbox 328 2374 398 2405; x_wconf 82' lang='lat' dir='ltr'>quae</span> <span class='ocrx_word' id='word_1_329' title='bbox 421 2373 499 2395; x_wconf 83' lang='lat' dir='ltr'>mox</span> <span class='ocrx_word' id='word_1_330' title='bbox 523 2361 561 2394; x_wconf 87' lang='lat' dir='ltr'>ab</span> <span class='ocrx_word' id='word_1_331' title='bbox 579 2362 790 2406; x_wconf 81' lang='lat' dir='ltr'>Jugularium</span> <span class='ocrx_word' id='word_1_332' title='bbox 813 2372 966 2395; x_wconf 87' lang='lat' dir='ltr'>venarum</span> <span class='ocrx_word' id='word_1_333' title='bbox 979 2362 1099 2394; x_wconf 84' lang='lat' dir='ltr'>Exter-</span> 
     </span>
     <span class='ocr_line' id='line_1_44' title="bbox 86 2404 1097 2447; baseline -0.003 -7"><span class='ocrx_word' id='word_1_334' title='bbox 86 2416 200 2442; x_wconf 86' lang='lat' dir='ltr'>narum</span> <span class='ocrx_word' id='word_1_335' title='bbox 224 2405 363 2439; x_wconf 67' lang='lat' dir='ltr'>sectione</span> <span class='ocrx_word' id='word_1_336' title='bbox 386 2406 419 2441; x_wconf 89' lang='lat' dir='ltr'>in</span> <span class='ocrx_word' id='word_1_337' title='bbox 442 2405 594 2447; x_wconf 80' lang='lat' dir='ltr'>pallidam</span> <span class='ocrx_word' id='word_1_338' title='bbox 617 2414 741 2439; x_wconf 88' lang='lat' dir='ltr'>mutata</span> <span class='ocrx_word' id='word_1_339' title='bbox 764 2404 828 2438; x_wconf 88' lang='lat' dir='ltr'>est.</span> <span class='ocrx_word' id='word_1_340' title='bbox 850 2406 984 2447; x_wconf 81' lang='lat' dir='ltr'>Sanguis</span> <span class='ocrx_word' id='word_1_341' title='bbox 1009 2404 1097 2437; x_wconf 90' lang='lat' dir='ltr'>enim</span> 
     </span>
     <span class='ocr_line' id='line_1_45' title="bbox 87 2447 1096 2487; baseline -0.004 -3"><span class='ocrx_word' id='word_1_342' title='bbox 87 2451 224 2487; x_wconf 83' lang='lat' dir='ltr'>fluorem</span> <span class='ocrx_word' id='word_1_343' title='bbox 260 2448 567 2483; x_wconf 78' lang='lat' dir='ltr'>ferme.naturalem</span> <span class='ocrx_word' id='word_1_344' title='bbox 602 2447 773 2481; x_wconf 87' lang='lat' dir='ltr'>servaverat</span> <span class='ocrx_word' id='word_1_345' title='bbox 798 2472 805 2479; x_wconf 97' lang='lat'>.</span> <span class='ocrx_word' id='word_1_346' title='bbox 943 2447 1096 2481; x_wconf 83' lang='lat' dir='ltr'>Thorace</span> 
     </span>
     <span class='ocr_line' id='line_1_46' title="bbox 89 2490 1097 2534; baseline -0.003 -8"><span class='ocrx_word' id='word_1_347' title='bbox 89 2492 213 2529; x_wconf 88' lang='lat' dir='ltr'>recluso</span> <span class='ocrx_word' id='word_1_348' title='bbox 236 2514 245 2529; x_wconf 92' lang='lat'>‚</span> <span class='ocrx_word' id='word_1_349' title='bbox 278 2492 446 2534; x_wconf 86' lang='lat' dir='ltr'>pulmones</span> <span class='ocrx_word' id='word_1_350' title='bbox 480 2502 496 2523; x_wconf 89' lang='lat' dir='ltr'>a</span> <span class='ocrx_word' id='word_1_351' title='bbox 533 2492 640 2533; x_wconf 83' lang='lat' dir='ltr'>pleura</span> <span class='ocrx_word' id='word_1_352' title='bbox 672 2491 812 2525; x_wconf 89' lang='lat' dir='ltr'>solvendi</span> <span class='ocrx_word' id='word_1_353' title='bbox 846 2490 976 2525; x_wconf 89' lang='lat' dir='ltr'>fuerunt</span> <span class='ocrx_word' id='word_1_354' title='bbox 997 2515 1011 2532; x_wconf 84' lang='grc'>,</span> <span class='ocrx_word' id='word_1_355' title='bbox 1043 2492 1097 2524; x_wconf 90' lang='lat' dir='ltr'>cui</span> 
     </span>
     <span class='ocr_line' id='line_1_47' title="bbox 87 2532 1098 2578; baseline -0.003 -8"><span class='ocrx_word' id='word_1_356' title='bbox 87 2537 201 2570; x_wconf 92' lang='lat' dir='ltr'>multis</span> <span class='ocrx_word' id='word_1_357' title='bbox 224 2537 258 2568; x_wconf 93' lang='lat' dir='ltr'>in</span> <span class='ocrx_word' id='word_1_358' title='bbox 283 2535 364 2568; x_wconf 83' lang='lat' dir='ltr'>locis</span> <span class='ocrx_word' id='word_1_359' title='bbox 388 2533 426 2567; x_wconf 90' lang='lat' dir='ltr'>ad</span> <span class='ocrx_word' id='word_1_360' title='bbox 449 2543 623 2578; x_wconf 87' lang='lat' dir='ltr'>utrumque</span> <span class='ocrx_word' id='word_1_361' title='bbox 646 2536 731 2569; x_wconf 87' lang='lat' dir='ltr'>latus</span> <span class='ocrx_word' id='word_1_362' title='bbox 755 2532 960 2569; x_wconf 83' lang='lat' dir='ltr'>adhaerebant</span> <span class='ocrx_word' id='word_1_363' title='bbox 986 2560 995 2574; x_wconf 91' lang='lat'>‚</span> <span class='ocrx_word' id='word_1_364' title='bbox 1019 2534 1098 2567; x_wconf 83' lang='lat' dir='ltr'>dex-</span> 
     </span>
     <span class='ocr_line' id='line_1_48' title="bbox 87 2577 1099 2622; baseline -0.003 -9"><span class='ocrx_word' id='word_1_365' title='bbox 87 2581 156 2616; x_wconf 83' lang='lat' dir='ltr'>teri</span> <span class='ocrx_word' id='word_1_366' title='bbox 175 2587 280 2612; x_wconf 87' lang='lat' dir='ltr'>autem</span> <span class='ocrx_word' id='word_1_367' title='bbox 304 2581 387 2612; x_wconf 91' lang='lat' dir='ltr'>imus</span> <span class='ocrx_word' id='word_1_368' title='bbox 411 2578 530 2612; x_wconf 90' lang='lat' dir='ltr'>limbus</span> <span class='ocrx_word' id='word_1_369' title='bbox 551 2579 649 2612; x_wconf 89' lang='lat' dir='ltr'>etiam</span> <span class='ocrx_word' id='word_1_370' title='bbox 681 2578 719 2613; x_wconf 91' lang='lat' dir='ltr'>ad</span> <span class='ocrx_word' id='word_1_371' title='bbox 743 2577 955 2622; x_wconf 80' lang='lat' dir='ltr'>diaphragma</span> <span class='ocrx_word' id='word_1_372' title='bbox 977 2602 984 2609; x_wconf 95' lang='lat'>.</span> <span class='ocrx_word' id='word_1_373' title='bbox 1022 2579 1099 2618; x_wconf 77' lang='lat' dir='ltr'>Qia</span> 
     </span>
     <span class='ocr_line' id='line_1_49' title="bbox 87 2620 1100 2666; baseline -0.003 -10"><span class='ocrx_word' id='word_1_374' title='bbox 87 2622 218 2657; x_wconf 88' lang='lat' dir='ltr'>dorsum</span> <span class='ocrx_word' id='word_1_375' title='bbox 241 2621 424 2665; x_wconf 67' lang='lat' dir='ltr'>spectabant</span> <span class='ocrx_word' id='word_1_376' title='bbox 448 2644 460 2663; x_wconf 84' lang='lat'>‚</span> <span class='ocrx_word' id='word_1_377' title='bbox 493 2623 556 2655; x_wconf 89' lang='lat' dir='ltr'>levi</span> <span class='ocrx_word' id='word_1_378' title='bbox 579 2621 729 2666; x_wconf 79' lang='lat' dir='ltr'>phlogofi</span> <span class='ocrx_word' id='word_1_379' title='bbox 751 2624 895 2666; x_wconf 86' lang='lat' dir='ltr'>correpti</span> <span class='ocrx_word' id='word_1_380' title='bbox 928 2620 985 2655; x_wconf 84' lang='lat' dir='ltr'>effe</span> <span class='ocrx_word' id='word_1_381' title='bbox 1010 2621 1100 2656; x_wconf 88' lang='lat' dir='ltr'>vide-</span> 
     </span>
     <span class='ocr_line' id='line_1_50' title="bbox 86 2667 221 2702; baseline -0.015 -2"><span class='ocrx_word' id='word_1_382' title='bbox 86 2667 221 2702; x_wconf 78' lang='lat' dir='ltr'>bantur.</span> 
     </span>
    </p>

    <p class='ocr_par' dir='ltr' id='par_1_9' title="bbox 88 2702 1099 2796">
     <span class='ocr_line' id='line_1_51' title="bbox 88 2702 1099 2796; baseline -0.002 -9"><span class='ocrx_word' id='word_1_383' title='bbox 88 2708 294 2787; x_wconf 44' lang='lat' dir='ltr'>..affre</span> <span class='ocrx_word' id='word_1_384' title='bbox 304 2707 695 2796; x_wconf 53' lang='lat' dir='ltr'>1¹{ng&#39;12assres5353s</span> <span class='ocrx_word' id='word_1_385' title='bbox 718 2702 1099 2788; x_wconf 54' lang='lat' dir='ltr'>isssaeznasrafl-</span> 
     </span>
    </p>

    <p class='ocr_par' dir='ltr' id='par_1_10' title="bbox 227 2775 272 2789">
     <span class='ocr_line' id='line_1_52' title="bbox 227 2775 272 2789; baseline 0 0"><span class='ocrx_word' id='word_1_386' title='bbox 227 2778 239 2785; x_wconf 62' lang='lat'>*-</span> <span class='ocrx_word' id='word_1_387' title='bbox 264 2775 272 2789; x_wconf 72' lang='lat'><em>5</em></span> 
     </span>
    </p>

    <p class='ocr_par' dir='ltr' id='par_1_11' title="bbox 88 2791 1097 3048">
     <span class='ocr_line' id='line_1_53' title="bbox 88 2791 1093 2840; baseline 0 -10"><span class='ocrx_word' id='word_1_388' title='bbox 88 2809 158 2840; x_wconf 82' lang='lat' dir='ltr'>quae</span> <span class='ocrx_word' id='word_1_389' title='bbox 193 2799 225 2830; x_wconf 71' lang='grc' dir='ltr'>δε</span> <span class='ocrx_word' id='word_1_390' title='bbox 257 2791 413 2831; x_wconf 65' lang='lat' dir='ltr'>servatum</span> <span class='ocrx_word' id='word_1_391' title='bbox 444 2796 608 2839; x_wconf 78' lang='lat' dir='ltr'>sanguinis</span> <span class='ocrx_word' id='word_1_392' title='bbox 643 2798 779 2832; x_wconf 87' lang='lat' dir='ltr'>fluorem</span> <span class='ocrx_word' id='word_1_393' title='bbox 811 2795 949 2831; x_wconf 89' lang='lat' dir='ltr'>ostendit</span> <span class='ocrx_word' id='word_1_394' title='bbox 975 2822 982 2828; x_wconf 95' lang='lat'>.</span> <span class='ocrx_word' id='word_1_395' title='bbox 1017 2796 1093 2830; x_wconf 87' lang='lat' dir='ltr'>Hoc</span> 
     </span>
     <span class='ocr_line' id='line_1_54' title="bbox 90 2837 1095 2884; baseline -0.002 -10"><span class='ocrx_word' id='word_1_396' title='bbox 90 2848 197 2874; x_wconf 88' lang='lat' dir='ltr'>autem</span> <span class='ocrx_word' id='word_1_397' title='bbox 231 2837 335 2881; x_wconf 74' lang='lat' dir='ltr'>posito</span> <span class='ocrx_word' id='word_1_398' title='bbox 358 2864 367 2879; x_wconf 92' lang='lat'>‚</span> <span class='ocrx_word' id='word_1_399' title='bbox 397 2839 557 2884; x_wconf 85' lang='lat' dir='ltr'>quidquid</span> <span class='ocrx_word' id='word_1_400' title='bbox 589 2841 623 2873; x_wconf 91' lang='lat' dir='ltr'>in</span> <span class='ocrx_word' id='word_1_401' title='bbox 655 2840 883 2883; x_wconf 88' lang='lat' dir='ltr'>posterioribus</span> <span class='ocrx_word' id='word_1_402' title='bbox 916 2850 988 2874; x_wconf 91' lang='lat' dir='ltr'>tum</span> <span class='ocrx_word' id='word_1_403' title='bbox 1020 2850 1095 2873; x_wconf 86' lang='lat' dir='ltr'>cor..</span> 
     </span>
     <span class='ocr_line' id='line_1_55' title="bbox 90 2882 1097 2927; baseline 0.001 -11"><span class='ocrx_word' id='word_1_404' title='bbox 90 2885 179 2927; x_wconf 89' lang='lat' dir='ltr'>poris</span> <span class='ocrx_word' id='word_1_405' title='bbox 203 2906 215 2923; x_wconf 85' lang='lat'><em>,</em></span> <span class='ocrx_word' id='word_1_406' title='bbox 248 2891 318 2916; x_wconf 91' lang='lat' dir='ltr'>tum</span> <span class='ocrx_word' id='word_1_407' title='bbox 351 2884 540 2923; x_wconf 87' lang='lat' dir='ltr'>pulmonum</span> <span class='ocrx_word' id='word_1_408' title='bbox 580 2885 726 2927; x_wconf 83' lang='lat' dir='ltr'>partibus</span> <span class='ocrx_word' id='word_1_409' title='bbox 760 2897 775 2918; x_wconf 89' lang='lat' dir='ltr'>a</span> <span class='ocrx_word' id='word_1_410' title='bbox 810 2883 962 2918; x_wconf 88' lang='lat' dir='ltr'>Valsalva</span> <span class='ocrx_word' id='word_1_411' title='bbox 997 2882 1097 2917; x_wconf 89' lang='lat' dir='ltr'>adno-</span> 
     </span>
     <span class='ocr_line' id='line_1_56' title="bbox 92 2924 1096 2971; baseline 0 -11"><span class='ocrx_word' id='word_1_412' title='bbox 92 2936 198 2960; x_wconf 87' lang='lat' dir='ltr'>tatum</span> <span class='ocrx_word' id='word_1_413' title='bbox 230 2924 272 2958; x_wconf 89' lang='lat' dir='ltr'>est</span> <span class='ocrx_word' id='word_1_414' title='bbox 295 2949 307 2966; x_wconf 89' lang='lat'><em>,</em></span> <span class='ocrx_word' id='word_1_415' title='bbox 339 2925 436 2962; x_wconf 79' lang='lat' dir='ltr'>facile,</span> <span class='ocrx_word' id='word_1_416' title='bbox 455 2927 651 2969; x_wconf 83' lang='lat' dir='ltr'>intelligitur</span> <span class='ocrx_word' id='word_1_417' title='bbox 684 2926 832 2962; x_wconf 82' lang='lat' dir='ltr'>accidisse</span> <span class='ocrx_word' id='word_1_418' title='bbox 865 2939 902 2960; x_wconf 87' lang='lat' dir='ltr'>ex</span> <span class='ocrx_word' id='word_1_419' title='bbox 936 2939 1002 2971; x_wconf 90' lang='lat' dir='ltr'>quo</span> <span class='ocrx_word' id='word_1_420' title='bbox 1043 2938 1096 2960; x_wconf 90' lang='lat' dir='ltr'>ca-</span> 
     </span>
     <span class='ocr_line' id='line_1_57' title="bbox 91 2969 712 3048; baseline 0.002 -44"><span class='ocrx_word' id='word_1_421' title='bbox 91 2970 187 3048; x_wconf 41' lang='lat' dir='ltr'>daver</span> <span class='ocrx_word' id='word_1_422' title='bbox 233 2980 249 3001; x_wconf 89' lang='lat' dir='ltr'>e</span> <span class='ocrx_word' id='word_1_423' title='bbox 292 2969 440 3012; x_wconf 85' lang='lat' dir='ltr'>patibulo</span> <span class='ocrx_word' id='word_1_424' title='bbox 491 2971 671 3006; x_wconf 67' lang='lat' dir='ltr'>deu-aecum</span> <span class='ocrx_word' id='word_1_425' title='bbox 701 2997 712 3014; x_wconf 84' lang='lat'><em>‚</em></span> 
     </span>
     <span class='ocr_line' id='line_1_58' title="bbox 92 3026 155 3047; baseline -0.016 0"><span class='ocrx_word' id='word_1_426' title='bbox 92 3026 107 3047; x_wconf 93' lang='lat' dir='ltr'>e</span> <span class='ocrx_word' id='word_1_427' title='bbox 148 3039 155 3046; x_wconf 94' lang='lat'>.</span> 
     </span>
    </p>

    <p class='ocr_par' dir='ltr' id='par_1_12' title="bbox 138 3056 1101 3103">
     <span class='ocr_line' id='line_1_59' title="bbox 138 3056 1101 3103; baseline 0.004 -14"><span class='ocrx_word' id='word_1_428' title='bbox 138 3067 167 3099; x_wconf 83' lang='lat'>5.</span> <span class='ocrx_word' id='word_1_429' title='bbox 191 3056 499 3100; x_wconf 82' lang='lat' dir='ltr'>GRASSATOR,</span> <span class='ocrx_word' id='word_1_430' title='bbox 522 3058 626 3102; x_wconf 86' lang='lat' dir='ltr'>major</span> <span class='ocrx_word' id='word_1_431' title='bbox 648 3071 747 3103; x_wconf 88' lang='lat' dir='ltr'>quam</span> <span class='ocrx_word' id='word_1_432' title='bbox 770 3071 804 3093; x_wconf 90' lang='lat' dir='ltr'>ea</span> <span class='ocrx_word' id='word_1_433' title='bbox 827 3059 943 3093; x_wconf 89' lang='lat' dir='ltr'>mulier</span> <span class='ocrx_word' id='word_1_434' title='bbox 963 3061 985 3099; x_wconf 77' lang='lat'>,¹</span> <span class='ocrx_word' id='word_1_435' title='bbox 1007 3061 1101 3093; x_wconf 88' lang='lat' dir='ltr'>annis</span> 
     </span>
    </p>

    <p class='ocr_par' dir='ltr' id='par_1_13' title="bbox 93 3099 1100 3147">
     <span class='ocr_line' id='line_1_60' title="bbox 93 3099 1100 3147; baseline 0 -11"><span class='ocrx_word' id='word_1_436' title='bbox 93 3099 179 3136; x_wconf 85' lang='lat' dir='ltr'>haud</span> <span class='ocrx_word' id='word_1_437' title='bbox 201 3100 337 3140; x_wconf 84' lang='lat' dir='ltr'>amplius</span> <span class='ocrx_word' id='word_1_438' title='bbox 359 3099 481 3135; x_wconf 86' lang='lat' dir='ltr'>duobus</span> <span class='ocrx_word' id='word_1_439' title='bbox 501 3126 513 3142; x_wconf 84' lang='lat'><em>‚</em></span> <span class='ocrx_word' id='word_1_440' title='bbox 548 3102 658 3137; x_wconf 90' lang='lat' dir='ltr'>eodem</span> <span class='ocrx_word' id='word_1_441' title='bbox 681 3103 843 3147; x_wconf 88' lang='lat' dir='ltr'>supplicio</span> <span class='ocrx_word' id='word_1_442' title='bbox 875 3101 1004 3136; x_wconf 66' lang='lat' dir='ltr'>affeecus</span> <span class='ocrx_word' id='word_1_443' title='bbox 1026 3102 1069 3136; x_wconf 88' lang='lat' dir='ltr'>est</span> <span class='ocrx_word' id='word_1_444' title='bbox 1091 3127 1100 3136; x_wconf 89' lang='grc'><strong>.</strong></span> 
     </span>
    </p>

    <p class='ocr_par' dir='ltr' id='par_1_14' title="bbox 95 3144 1101 3407">
     <span class='ocr_line' id='line_1_61' title="bbox 225 3144 1101 3181; baseline 0.003 -4"><span class='ocrx_word' id='word_1_445' title='bbox 225 3144 279 3177; x_wconf 90' lang='lat' dir='ltr'>IN</span> <span class='ocrx_word' id='word_1_446' title='bbox 303 3145 564 3181; x_wconf 87' lang='lat' dir='ltr'>CADAVERE</span> <span class='ocrx_word' id='word_1_447' title='bbox 588 3147 625 3180; x_wconf 86' lang='lat' dir='ltr'>ad</span> <span class='ocrx_word' id='word_1_448' title='bbox 652 3148 818 3181; x_wconf 86' lang='lat' dir='ltr'>Publicam</span> <span class='ocrx_word' id='word_1_449' title='bbox 841 3147 1024 3181; x_wconf 86' lang='lat' dir='ltr'>Anatomen</span> <span class='ocrx_word' id='word_1_450' title='bbox 1036 3156 1101 3180; x_wconf 91' lang='lat' dir='ltr'>tra-</span> 
     </span>
     <span class='ocr_line' id='line_1_62' title="bbox 95 3187 1099 3235; baseline 0.001 -13"><span class='ocrx_word' id='word_1_451' title='bbox 95 3187 192 3230; x_wconf 74' lang='lat' dir='ltr'>dito,</span> <span class='ocrx_word' id='word_1_452' title='bbox 214 3188 352 3221; x_wconf 88' lang='lat' dir='ltr'>exterius</span> <span class='ocrx_word' id='word_1_453' title='bbox 374 3188 506 3228; x_wconf 84' lang='lat' dir='ltr'>quidem</span> <span class='ocrx_word' id='word_1_454' title='bbox 529 3189 651 3230; x_wconf 83' lang='lat' dir='ltr'>facies,</span> <span class='ocrx_word' id='word_1_455' title='bbox 674 3193 709 3224; x_wconf 89' lang='lat' dir='ltr'>in</span> <span class='ocrx_word' id='word_1_456' title='bbox 732 3204 794 3235; x_wconf 87' lang='lat' dir='ltr'>qua</span> <span class='ocrx_word' id='word_1_457' title='bbox 818 3191 904 3224; x_wconf 88' lang='lat' dir='ltr'>oculi</span> <span class='ocrx_word' id='word_1_458' title='bbox 928 3189 1099 3233; x_wconf 86' lang='lat' dir='ltr'>semiaper-</span> 
     </span>
     <span class='ocr_line' id='line_1_63' title="bbox 96 3229 1098 3280; baseline -0.003 -9"><span class='ocrx_word' id='word_1_459' title='bbox 96 3233 125 3264; x_wconf 88' lang='lat' dir='ltr'>ti</span> <span class='ocrx_word' id='word_1_460' title='bbox 147 3240 259 3280; x_wconf 56' lang='lat' dir='ltr'>eram&gt;</span> <span class='ocrx_word' id='word_1_461' title='bbox 283 3229 432 3280; x_wconf 58' lang='lat' dir='ltr'>bsfffihia,</span> <span class='ocrx_word' id='word_1_462' title='bbox 453 3231 604 3276; x_wconf 81' lang='lat' dir='ltr'>dorsum,</span> <span class='ocrx_word' id='word_1_463' title='bbox 629 3245 715 3268; x_wconf 83' lang='lat' dir='ltr'>nates</span> <span class='ocrx_word' id='word_1_464' title='bbox 738 3235 817 3268; x_wconf 89' lang='lat' dir='ltr'>alibi</span> <span class='ocrx_word' id='word_1_465' title='bbox 841 3233 1015 3275; x_wconf 84' lang='lat' dir='ltr'>subrubra,</span> <span class='ocrx_word' id='word_1_466' title='bbox 1039 3236 1098 3268; x_wconf 90' lang='lat' dir='ltr'>ali-</span> 
     </span>
     <span class='ocr_line' id='line_1_64' title="bbox 96 3274 1097 3312; baseline 0.002 -3"><span class='ocrx_word' id='word_1_467' title='bbox 96 3276 132 3312; x_wconf 82' lang='lat' dir='ltr'>bi</span> <span class='ocrx_word' id='word_1_468' title='bbox 156 3274 254 3307; x_wconf 87' lang='lat' dir='ltr'>livida</span> <span class='ocrx_word' id='word_1_469' title='bbox 277 3274 493 3309; x_wconf 79' lang='lat' dir='ltr'>animadversa</span> <span class='ocrx_word' id='word_1_470' title='bbox 505 3276 596 3311; x_wconf 90' lang='lat' dir='ltr'>sunt.</span> <span class='ocrx_word' id='word_1_471' title='bbox 730 3280 870 3312; x_wconf 86' lang='lat' dir='ltr'>Interius</span> <span class='ocrx_word' id='word_1_472' title='bbox 883 3287 990 3311; x_wconf 87' lang='lat' dir='ltr'>autem</span> <span class='ocrx_word' id='word_1_473' title='bbox 1013 3278 1097 3312; x_wconf 90' lang='lat' dir='ltr'>nihil</span> 
     </span>
     <span class='ocr_line' id='line_1_65' title="bbox 97 3318 1101 3365; baseline 0.003 -12"><span class='ocrx_word' id='word_1_474' title='bbox 97 3318 252 3353; x_wconf 85' lang='lat' dir='ltr'>adnotatu</span> <span class='ocrx_word' id='word_1_475' title='bbox 275 3318 411 3361; x_wconf 79' lang='lat' dir='ltr'>dignum</span> <span class='ocrx_word' id='word_1_476' title='bbox 426 3341 438 3359; x_wconf 85' lang='lat'><em>,</em></span> <span class='ocrx_word' id='word_1_477' title='bbox 461 3319 520 3353; x_wconf 88' lang='lat' dir='ltr'>nifi</span> <span class='ocrx_word' id='word_1_478' title='bbox 542 3321 630 3364; x_wconf 91' lang='lat' dir='ltr'>quod</span> <span class='ocrx_word' id='word_1_479' title='bbox 653 3322 819 3365; x_wconf 87' lang='lat' dir='ltr'>pulmones</span> <span class='ocrx_word' id='word_1_480' title='bbox 854 3319 940 3365; x_wconf 85' lang='lat' dir='ltr'>quasi</span> <span class='ocrx_word' id='word_1_481' title='bbox 964 3333 980 3356; x_wconf 89' lang='lat' dir='ltr'>a</span> <span class='ocrx_word' id='word_1_482' title='bbox 1003 3321 1101 3365; x_wconf 88' lang='lat' dir='ltr'>phlo-</span> 
     </span>
     <span class='ocr_line' id='line_1_66' title="bbox 100 3361 589 3407; baseline 0.004 -11"><span class='ocrx_word' id='word_1_483' title='bbox 100 3361 166 3407; x_wconf 83' lang='lat' dir='ltr'>gofi</span> <span class='ocrx_word' id='word_1_484' title='bbox 191 3362 334 3397; x_wconf 78' lang='lat' dir='ltr'>rubentes</span> <span class='ocrx_word' id='word_1_485' title='bbox 358 3373 589 3405; x_wconf 83' lang='lat' dir='ltr'>apparuerunt.</span> 
     </span>
    </p>

    <p class='ocr_par' dir='ltr' id='par_1_15' title="bbox 99 3406 1101 3538">
     <span class='ocr_line' id='line_1_67' title="bbox 115 3406 1100 3450; baseline 0.008 -14"><span class='ocrx_word' id='word_1_486' title='bbox 115 3406 171 3437; x_wconf 84' lang='lat'>&#39;6.</span> <span class='ocrx_word' id='word_1_487' title='bbox 196 3406 263 3438; x_wconf 89' lang='lat' dir='ltr'>Hic</span> <span class='ocrx_word' id='word_1_488' title='bbox 285 3417 364 3438; x_wconf 91' lang='lat' dir='ltr'>vero</span> <span class='ocrx_word' id='word_1_489' title='bbox 395 3406 451 3439; x_wconf 87' lang='lat' dir='ltr'>etfi</span> <span class='ocrx_word' id='word_1_490' title='bbox 475 3408 593 3450; x_wconf 87' lang='lat' dir='ltr'>reliqua</span> <span class='ocrx_word' id='word_1_491' title='bbox 624 3409 663 3443; x_wconf 90' lang='lat' dir='ltr'>ad</span> <span class='ocrx_word' id='word_1_492' title='bbox 696 3410 829 3444; x_wconf 90' lang='lat' dir='ltr'>eundem</span> <span class='ocrx_word' id='word_1_493' title='bbox 863 3409 995 3444; x_wconf 87' lang='lat' dir='ltr'>modum</span> <span class='ocrx_word' id='word_1_494' title='bbox 1029 3409 1100 3444; x_wconf 91' lang='lat' dir='ltr'>sunt</span> 
     </span>
     <span class='ocr_line' id='line_1_68' title="bbox 99 3447 1101 3497; baseline 0.008 -17"><span class='ocrx_word' id='word_1_495' title='bbox 99 3447 306 3491; x_wconf 83' lang='lat' dir='ltr'>explicanda;</span> <span class='ocrx_word' id='word_1_496' title='bbox 327 3448 362 3482; x_wconf 86' lang='lat' dir='ltr'>id</span> <span class='ocrx_word' id='word_1_497' title='bbox 385 3459 491 3483; x_wconf 78' lang='lat' dir='ltr'>tamen</span> <span class='ocrx_word' id='word_1_498' title='bbox 514 3451 601 3497; x_wconf 90' lang='lat' dir='ltr'>quod</span> <span class='ocrx_word' id='word_1_499' title='bbox 624 3452 662 3486; x_wconf 89' lang='lat' dir='ltr'>ad</span> <span class='ocrx_word' id='word_1_500' title='bbox 686 3455 852 3496; x_wconf 80' lang='lat' dir='ltr'>pulmones</span> <span class='ocrx_word' id='word_1_501' title='bbox 864 3457 979 3487; x_wconf 85' lang='lat' dir='ltr'>attinet</span> <span class='ocrx_word' id='word_1_502' title='bbox 993 3478 1004 3494; x_wconf 88' lang='lat'><em>‚</em></span> <span class='ocrx_word' id='word_1_503' title='bbox 1027 3465 1101 3488; x_wconf 92' lang='lat' dir='ltr'>cum</span> 
     </span>
     <span class='ocr_line' id='line_1_69' title="bbox 100 3491 1100 3538; baseline 0.007 -14"><span class='ocrx_word' id='word_1_504' title='bbox 100 3504 117 3524; x_wconf 87' lang='lat' dir='ltr'>a</span> <span class='ocrx_word' id='word_1_505' title='bbox 140 3502 231 3534; x_wconf 80' lang='lat' dir='ltr'>tergo</span> <span class='ocrx_word' id='word_1_506' title='bbox 255 3491 358 3526; x_wconf 86' lang='lat' dir='ltr'>solum</span> <span class='ocrx_word' id='word_1_507' title='bbox 380 3504 445 3527; x_wconf 88' lang='lat' dir='ltr'>non</span> <span class='ocrx_word' id='word_1_508' title='bbox 469 3493 507 3527; x_wconf 85' lang='lat' dir='ltr'>sit</span> <span class='ocrx_word' id='word_1_509' title='bbox 528 3494 757 3538; x_wconf 64' lang='lat' dir='ltr'>conspectum,</span> <span class='ocrx_word' id='word_1_510' title='bbox 781 3509 797 3529; x_wconf 86' lang='lat' dir='ltr'>a</span> <span class='ocrx_word' id='word_1_511' title='bbox 820 3495 1028 3531; x_wconf 86' lang='lat' dir='ltr'>suffocatione</span> <span class='ocrx_word' id='word_1_512' title='bbox 1051 3501 1100 3531; x_wconf 89' lang='lat' dir='ltr'>vi-</span> 
     </span>
    </p>
   </div>
   <div class='ocr_carea' id='block_1_5' title="bbox 763 2971 1096 3015">
    <p class='ocr_par' dir='ltr' id='par_1_16' title="bbox 763 2971 1096 3015">
     <span class='ocr_line' id='line_1_70' title="bbox 763 2971 1096 3015; baseline -0.003 -8"><span class='ocrx_word' id='word_1_513' title='bbox 763 2972 914 3015; x_wconf 70' lang='lat' dir='ltr'>,supinum</span> <span class='ocrx_word' id='word_1_514' title='bbox 954 2971 1096 3006; x_wconf 87' lang='lat' dir='ltr'>locatum</span> 
     </span>
    </p>
   </div>
   <div class='ocr_carea' id='block_1_6' title="bbox 1129 1797 1198 1830">
    <p class='ocr_par' dir='ltr' id='par_1_17' title="bbox 1129 1797 1198 1830">
     <span class='ocr_line' id='line_1_71' title="bbox 1129 1797 1198 1830; baseline 0.014 -1"><span class='ocrx_word' id='word_1_515' title='bbox 1129 1797 1198 1830; x_wconf 35' lang='lat' dir='ltr'>*lus</span> 
     </span>
    </p>
   </div>
   <div class='ocr_carea' id='block_1_7' title="bbox 1141 615 2181 2761">
    <p class='ocr_par' dir='ltr' id='par_1_18' title="bbox 1143 615 2157 663">
     <span class='ocr_line' id='line_1_72' title="bbox 1143 615 2157 663; baseline -0.006 -11"><span class='ocrx_word' id='word_1_516' title='bbox 1143 619 1203 652; x_wconf 88' lang='lat' dir='ltr'>bus</span> <span class='ocrx_word' id='word_1_517' title='bbox 1225 618 1262 653; x_wconf 90' lang='lat' dir='ltr'>de</span> <span class='ocrx_word' id='word_1_518' title='bbox 1272 619 1387 663; x_wconf 87' lang='lat' dir='ltr'>quibus</span> <span class='ocrx_word' id='word_1_519' title='bbox 1397 617 1523 652; x_wconf 66' lang='lat' dir='ltr'>dietum</span> <span class='ocrx_word' id='word_1_520' title='bbox 1534 617 1595 656; x_wconf 89' lang='lat' dir='ltr'>est,</span> <span class='ocrx_word' id='word_1_521' title='bbox 1621 617 1822 660; x_wconf 75' lang='lat' dir='ltr'>semiaperti‚</span> <span class='ocrx_word' id='word_1_522' title='bbox 1844 617 1914 652; x_wconf 87' lang='lat' dir='ltr'>imo</span> <span class='ocrx_word' id='word_1_523' title='bbox 1927 617 1960 649; x_wconf 91' lang='lat' dir='ltr'>in</span> <span class='ocrx_word' id='word_1_524' title='bbox 1972 627 2010 648; x_wconf 90' lang='lat' dir='ltr'>eo</span> <span class='ocrx_word' id='word_1_525' title='bbox 2034 615 2071 649; x_wconf 88' lang='lat' dir='ltr'>de</span> <span class='ocrx_word' id='word_1_526' title='bbox 2090 624 2157 657; x_wconf 88' lang='lat' dir='ltr'>quo</span> 
     </span>
    </p>

    <p class='ocr_par' dir='ltr' id='par_1_19' title="bbox 1144 655 2181 750">
     <span class='ocr_line' id='line_1_73' title="bbox 1144 655 2181 706; baseline -0.009 -9"><span class='ocrx_word' id='word_1_527' title='bbox 1144 665 1291 706; x_wconf 82' lang='lat' dir='ltr'>proxime</span> <span class='ocrx_word' id='word_1_528' title='bbox 1314 662 1440 697; x_wconf 83' lang='lat' dir='ltr'>dicetur</span> <span class='ocrx_word' id='word_1_529' title='bbox 1455 684 1468 702; x_wconf 86' lang='grc'>,</span> <span class='ocrx_word' id='word_1_530' title='bbox 1492 663 1593 704; x_wconf 88' lang='lat' dir='ltr'>aperti</span> <span class='ocrx_word' id='word_1_531' title='bbox 1612 686 1624 702; x_wconf 79' lang='grc'>,</span> <span class='ocrx_word' id='word_1_532' title='bbox 1658 672 1724 695; x_wconf 91' lang='lat' dir='ltr'>non</span> <span class='ocrx_word' id='word_1_533' title='bbox 1747 662 1887 703; x_wconf 88' lang='lat' dir='ltr'>multum</span> <span class='ocrx_word' id='word_1_534' title='bbox 1927 658 2078 703; x_wconf 66' lang='lat' dir='ltr'>profeeto</span> <span class='ocrx_word' id='word_1_535' title='bbox 2103 655 2181 689; x_wconf 46' lang='lat' dir='ltr'>adqr</span> 
     </span>
     <span class='ocr_line' id='line_1_74' title="bbox 1147 705 2159 750; baseline -0.007 -11"><span class='ocrx_word' id='word_1_536' title='bbox 1147 705 1258 750; x_wconf 87' lang='lat' dir='ltr'>juvant</span> <span class='ocrx_word' id='word_1_537' title='bbox 1292 707 1383 740; x_wconf 87' lang='lat' dir='ltr'>illam</span> <span class='ocrx_word' id='word_1_538' title='bbox 1404 707 1584 739; x_wconf 87' lang='lat' dir='ltr'>Garmanni</span> <span class='ocrx_word' id='word_1_539' title='bbox 1619 708 1633 744; x_wconf 93' lang='lat'>(</span> <span class='ocrx_word' id='word_1_540' title='bbox 1654 710 1706 747; x_wconf 89' lang='lat' dir='ltr'>c)</span> <span class='ocrx_word' id='word_1_541' title='bbox 1740 705 2013 739; x_wconf 83' lang='lat' dir='ltr'>adnotationem:</span> <span class='ocrx_word' id='word_1_542' title='bbox 2055 709 2159 749; x_wconf 71' lang='lat' dir='ltr'>omnes</span> 
     </span>
    </p>

    <p class='ocr_par' dir='ltr' id='par_1_20' title="bbox 1141 742 2159 826">
     <span class='ocr_line' id='line_1_75' title="bbox 1141 742 2159 826; baseline -0.007 -43"><span class='ocrx_word' id='word_1_543' title='bbox 1141 748 1213 826; x_wconf 47' lang='lat' dir='ltr'>segle</span> <span class='ocrx_word' id='word_1_544' title='bbox 1235 749 1376 786; x_wconf 72' lang='lat' dir='ltr'>violenta</span> <span class='ocrx_word' id='word_1_545' title='bbox 1399 756 1499 784; x_wconf 80' lang='lat' dir='ltr'>morte</span> <span class='ocrx_word' id='word_1_546' title='bbox 1521 749 1805 784; x_wconf 64' lang='lat' dir='ltr'>extinctosoculos</span> <span class='ocrx_word' id='word_1_547' title='bbox 1830 746 1966 782; x_wconf 76' lang='lat' dir='ltr'>obtinere</span> <span class='ocrx_word' id='word_1_548' title='bbox 1995 742 2159 790; x_wconf 56' lang='lat' dir='ltr'>palpebris</span> 
     </span>
    </p>

    <p class='ocr_par' dir='ltr' id='par_1_21' title="bbox 1148 801 1267 828">
     <span class='ocr_line' id='line_1_76' title="bbox 1148 801 1267 828; baseline -0.017 0"><span class='ocrx_word' id='word_1_549' title='bbox 1148 801 1178 828; x_wconf 83' lang='lat' dir='ltr'>te</span> <span class='ocrx_word' id='word_1_550' title='bbox 1192 801 1195 803; x_wconf 87' lang='grc'><em>“</em></span> <span class='ocrx_word' id='word_1_551' title='bbox 1213 805 1246 826; x_wconf 92' lang='lat' dir='ltr'>os</span> <span class='ocrx_word' id='word_1_552' title='bbox 1260 819 1267 826; x_wconf 91' lang='lat'>.</span> 
     </span>
    </p>

    <p class='ocr_par' dir='ltr' id='par_1_22' title="bbox 1148 831 2163 1012">
     <span class='ocr_line' id='line_1_77' title="bbox 1192 831 2160 879; baseline -0.005 -11"><span class='ocrx_word' id='word_1_553' title='bbox 1192 847 1224 879; x_wconf 91' lang='lat'>7.</span> <span class='ocrx_word' id='word_1_554' title='bbox 1249 838 1520 872; x_wconf 83' lang='lat' dir='ltr'>SUSPENDIO</span> <span class='ocrx_word' id='word_1_555' title='bbox 1543 836 1647 869; x_wconf 87' lang='lat' dir='ltr'>necati</span> <span class='ocrx_word' id='word_1_556' title='bbox 1670 858 1680 873; x_wconf 85' lang='lat'><strong>,</strong></span> <span class='ocrx_word' id='word_1_557' title='bbox 1715 835 1804 870; x_wconf 90' lang='lat' dir='ltr'>oculi</span> <span class='ocrx_word' id='word_1_558' title='bbox 1835 834 1940 878; x_wconf 81' lang='lat' dir='ltr'>aperti</span> <span class='ocrx_word' id='word_1_559' title='bbox 1974 840 2061 872; x_wconf 85' lang='lat' dir='ltr'>erant</span> <span class='ocrx_word' id='word_1_560' title='bbox 2085 852 2094 867; x_wconf 82' lang='lat'><strong>‚</strong></span> <span class='ocrx_word' id='word_1_561' title='bbox 2128 831 2160 863; x_wconf 72' lang='grc' dir='ltr'>δε</span> 
     </span>
     <span class='ocr_line' id='line_1_78' title="bbox 1148 873 2163 923; baseline -0.006 -11"><span class='ocrx_word' id='word_1_562' title='bbox 1148 879 1301 922; x_wconf 78' lang='lat' dir='ltr'>turgidi,</span> <span class='ocrx_word' id='word_1_563' title='bbox 1337 880 1433 914; x_wconf 85' lang='lat' dir='ltr'>facies</span> <span class='ocrx_word' id='word_1_564' title='bbox 1458 880 1658 923; x_wconf 83' lang='lat' dir='ltr'>aliquantum</span> <span class='ocrx_word' id='word_1_565' title='bbox 1692 879 1812 913; x_wconf 85' lang='lat' dir='ltr'>livens.</span> <span class='ocrx_word' id='word_1_566' title='bbox 1950 877 2006 911; x_wconf 90' lang='lat' dir='ltr'>IN</span> <span class='ocrx_word' id='word_1_567' title='bbox 2040 873 2163 909; x_wconf 85' lang='lat' dir='ltr'>VEN-</span> 
     </span>
     <span class='ocr_line' id='line_1_79' title="bbox 1148 915 2162 967; baseline -0.007 -10"><span class='ocrx_word' id='word_1_568' title='bbox 1148 924 1250 958; x_wconf 84' lang='lat' dir='ltr'>TRE</span> <span class='ocrx_word' id='word_1_569' title='bbox 1272 924 1433 967; x_wconf 86' lang='lat' dir='ltr'>chylifera</span> <span class='ocrx_word' id='word_1_570' title='bbox 1457 924 1528 957; x_wconf 85' lang='lat' dir='ltr'>vasa</span> <span class='ocrx_word' id='word_1_571' title='bbox 1552 923 1705 957; x_wconf 82' lang='lat' dir='ltr'>nonnulla</span> <span class='ocrx_word' id='word_1_572' title='bbox 1729 924 1816 956; x_wconf 84' lang='lat' dir='ltr'>circa</span> <span class='ocrx_word' id='word_1_573' title='bbox 1840 921 2000 955; x_wconf 86' lang='lat' dir='ltr'>lumbares</span> <span class='ocrx_word' id='word_1_574' title='bbox 2024 915 2162 963; x_wconf 80' lang='lat' dir='ltr'>glandu-</span> 
     </span>
     <span class='ocr_line' id='line_1_80' title="bbox 1149 961 2161 1012; baseline -0.009 -11"><span class='ocrx_word' id='word_1_575' title='bbox 1149 967 1222 1006; x_wconf 82' lang='lat' dir='ltr'>las,</span> <span class='ocrx_word' id='word_1_576' title='bbox 1256 968 1293 1001; x_wconf 91' lang='lat' dir='ltr'>ad</span> <span class='ocrx_word' id='word_1_577' title='bbox 1327 980 1404 1012; x_wconf 85' lang='lat' dir='ltr'>quas</span> <span class='ocrx_word' id='word_1_578' title='bbox 1438 967 1575 1001; x_wconf 85' lang='lat' dir='ltr'>definere</span> <span class='ocrx_word' id='word_1_579' title='bbox 1610 965 1803 1001; x_wconf 86' lang='lat' dir='ltr'>videbantur</span> <span class='ocrx_word' id='word_1_580' title='bbox 1824 989 1834 1004; x_wconf 87' lang='lat'><strong>,</strong></span> <span class='ocrx_word' id='word_1_581' title='bbox 1868 963 2039 1005; x_wconf 61' lang='lat' dir='ltr'>conspeRa</span> <span class='ocrx_word' id='word_1_582' title='bbox 2063 961 2161 996; x_wconf 80' lang='lat' dir='ltr'>sunt.</span> 
     </span>
    </p>

    <p class='ocr_par' dir='ltr' id='par_1_23' title="bbox 1145 1004 2166 1228">
     <span class='ocr_line' id='line_1_81' title="bbox 1284 1004 2164 1056; baseline -0.006 -10"><span class='ocrx_word' id='word_1_583' title='bbox 1284 1014 1323 1046; x_wconf 91' lang='lat' dir='ltr'>In</span> <span class='ocrx_word' id='word_1_584' title='bbox 1347 1011 1500 1045; x_wconf 82' lang='lat' dir='ltr'>Thorace</span> <span class='ocrx_word' id='word_1_585' title='bbox 1523 1010 1711 1054; x_wconf 86' lang='lat' dir='ltr'>pulmones,</span> <span class='ocrx_word' id='word_1_586' title='bbox 1735 1012 1794 1054; x_wconf 83' lang='lat' dir='ltr'>qui</span> <span class='ocrx_word' id='word_1_587' title='bbox 1818 1007 1857 1043; x_wconf 83' lang='lat' dir='ltr'>ad</span> <span class='ocrx_word' id='word_1_588' title='bbox 1873 1009 2018 1054; x_wconf 75' lang='lat' dir='ltr'>pleuram</span> <span class='ocrx_word' id='word_1_589' title='bbox 2043 1004 2164 1056; x_wconf 59' lang='lat' dir='ltr'>ambeg,</span> 
     </span>
     <span class='ocr_line' id='line_1_82' title="bbox 1151 1052 2165 1098; baseline -0.003 -11"><span class='ocrx_word' id='word_1_590' title='bbox 1151 1056 1183 1087; x_wconf 84' lang='lat'>&amp;</span> <span class='ocrx_word' id='word_1_591' title='bbox 1210 1055 1385 1094; x_wconf 72' lang='lat' dir='ltr'>praesertim</span> <span class='ocrx_word' id='word_1_592' title='bbox 1409 1054 1543 1093; x_wconf 85' lang='lat' dir='ltr'>dexter,</span> <span class='ocrx_word' id='word_1_593' title='bbox 1566 1053 1607 1086; x_wconf 84' lang='lat' dir='ltr'>fic</span> <span class='ocrx_word' id='word_1_594' title='bbox 1631 1053 1833 1088; x_wconf 75' lang='lat' dir='ltr'>adhaerebant</span> <span class='ocrx_word' id='word_1_595' title='bbox 1853 1076 1866 1094; x_wconf 85' lang='lat'><em>,</em></span> <span class='ocrx_word' id='word_1_596' title='bbox 1888 1060 1926 1086; x_wconf 92' lang='lat' dir='ltr'>ut</span> <span class='ocrx_word' id='word_1_597' title='bbox 1950 1052 2084 1094; x_wconf 80' lang='lat' dir='ltr'>separari</span> <span class='ocrx_word' id='word_1_598' title='bbox 2107 1058 2165 1098; x_wconf 67' lang='lat' dir='ltr'>vix</span> 
     </span>
     <span class='ocr_line' id='line_1_83' title="bbox 1149 1095 2165 1141; baseline -0.008 -10"><span class='ocrx_word' id='word_1_599' title='bbox 1149 1097 1294 1140; x_wconf 77' lang='lat' dir='ltr'>possent,</span> <span class='ocrx_word' id='word_1_600' title='bbox 1318 1111 1333 1130; x_wconf 85' lang='lat' dir='ltr'>a</span> <span class='ocrx_word' id='word_1_601' title='bbox 1358 1107 1452 1141; x_wconf 81' lang='lat' dir='ltr'>tergo</span> <span class='ocrx_word' id='word_1_602' title='bbox 1475 1097 1620 1131; x_wconf 83' lang='lat' dir='ltr'>subrubri</span> <span class='ocrx_word' id='word_1_603' title='bbox 1646 1121 1652 1128; x_wconf 96' lang='lat'>.</span> <span class='ocrx_word' id='word_1_604' title='bbox 1691 1097 1858 1139; x_wconf 80' lang='lat' dir='ltr'>Polyposae</span> <span class='ocrx_word' id='word_1_605' title='bbox 1882 1095 2105 1129; x_wconf 89' lang='lat' dir='ltr'>concretiones</span> <span class='ocrx_word' id='word_1_606' title='bbox 2127 1101 2165 1124; x_wconf 88' lang='lat' dir='ltr'>in</span> 
     </span>
     <span class='ocr_line' id='line_1_84' title="bbox 1145 1136 2166 1183; baseline -0.006 -9"><span class='ocrx_word' id='word_1_607' title='bbox 1145 1141 1241 1174; x_wconf 85' lang='lat' dir='ltr'>corde</span> <span class='ocrx_word' id='word_1_608' title='bbox 1265 1142 1362 1175; x_wconf 78' lang='lat' dir='ltr'>nullae</span> <span class='ocrx_word' id='word_1_609' title='bbox 1378 1167 1385 1173; x_wconf 94' lang='lat'>.</span> <span class='ocrx_word' id='word_1_610' title='bbox 1521 1142 1559 1173; x_wconf 88' lang='lat' dir='ltr'>In</span> <span class='ocrx_word' id='word_1_611' title='bbox 1583 1141 1701 1182; x_wconf 83' lang='lat' dir='ltr'>Capite</span> <span class='ocrx_word' id='word_1_612' title='bbox 1716 1139 1895 1183; x_wconf 79' lang='lat' dir='ltr'>sanguifera</span> <span class='ocrx_word' id='word_1_613' title='bbox 1915 1136 2085 1172; x_wconf 83' lang='lat' dir='ltr'>Crassioris</span> <span class='ocrx_word' id='word_1_614' title='bbox 2097 1146 2166 1169; x_wconf 88' lang='lat' dir='ltr'>me-</span> 
     </span>
     <span class='ocr_line' id='line_1_85' title="bbox 1149 1183 1715 1228; baseline -0.002 -11"><span class='ocrx_word' id='word_1_615' title='bbox 1149 1186 1258 1228; x_wconf 80' lang='lat' dir='ltr'>ningis</span> <span class='ocrx_word' id='word_1_616' title='bbox 1282 1185 1352 1218; x_wconf 88' lang='lat' dir='ltr'>vasa</span> <span class='ocrx_word' id='word_1_617' title='bbox 1375 1183 1533 1218; x_wconf 89' lang='lat' dir='ltr'>nonnihil</span> <span class='ocrx_word' id='word_1_618' title='bbox 1560 1183 1715 1225; x_wconf 82' lang='lat' dir='ltr'>turgida.</span> 
     </span>
    </p>

    <p class='ocr_par' dir='ltr' id='par_1_24' title="bbox 1146 1224 2176 2403">
     <span class='ocr_line' id='line_1_86' title="bbox 1195 1224 2165 1271; baseline -0.005 -10"><span class='ocrx_word' id='word_1_619' title='bbox 1195 1229 1224 1262; x_wconf 83' lang='lat'>8.</span> <span class='ocrx_word' id='word_1_620' title='bbox 1251 1230 1336 1263; x_wconf 88' lang='lat' dir='ltr'>VIR</span> <span class='ocrx_word' id='word_1_621' title='bbox 1360 1228 1510 1271; x_wconf 77' lang='lat' dir='ltr'>gracilis,</span> <span class='ocrx_word' id='word_1_622' title='bbox 1535 1225 1735 1261; x_wconf 83' lang='lat' dir='ltr'>consistentis</span> <span class='ocrx_word' id='word_1_623' title='bbox 1758 1227 1864 1261; x_wconf 83' lang='lat' dir='ltr'>aetatis</span> <span class='ocrx_word' id='word_1_624' title='bbox 1888 1252 1896 1266; x_wconf 84' lang='lat'>‚</span> <span class='ocrx_word' id='word_1_625' title='bbox 1923 1224 1967 1259; x_wconf 90' lang='lat' dir='ltr'>ob</span> <span class='ocrx_word' id='word_1_626' title='bbox 1991 1224 2083 1267; x_wconf 87' lang='lat' dir='ltr'>plura</span> <span class='ocrx_word' id='word_1_627' title='bbox 2099 1225 2165 1264; x_wconf 85' lang='lat'>‚&#39;&amp;</span> 
     </span>
     <span class='ocr_line' id='line_1_87' title="bbox 1150 1269 2167 1318; baseline -0.007 -11"><span class='ocrx_word' id='word_1_628' title='bbox 1150 1284 1264 1315; x_wconf 80' lang='lat' dir='ltr'>magna</span> <span class='ocrx_word' id='word_1_629' title='bbox 1289 1271 1376 1312; x_wconf 86' lang='lat' dir='ltr'>furta</span> <span class='ocrx_word' id='word_1_630' title='bbox 1399 1270 1620 1314; x_wconf 86' lang='lat' dir='ltr'>suspenditur.</span> <span class='ocrx_word' id='word_1_631' title='bbox 1645 1271 1714 1305; x_wconf 89' lang='lat' dir='ltr'>Hic</span> <span class='ocrx_word' id='word_1_632' title='bbox 1738 1282 1795 1314; x_wconf 89' lang='lat' dir='ltr'>per</span> <span class='ocrx_word' id='word_1_633' title='bbox 1821 1269 2015 1309; x_wconf 84' lang='lat' dir='ltr'>intervalla,</span> <span class='ocrx_word' id='word_1_634' title='bbox 2039 1271 2167 1318; x_wconf 55' lang='lat' dir='ltr'>&amp;epraef</span> 
     </span>
     <span class='ocr_line' id='line_1_88' title="bbox 1150 1308 2167 1352; baseline -0.007 -2"><span class='ocrx_word' id='word_1_635' title='bbox 1150 1317 1259 1350; x_wconf 84' lang='lat' dir='ltr'>sertim</span> <span class='ocrx_word' id='word_1_636' title='bbox 1291 1317 1377 1350; x_wconf 87' lang='lat' dir='ltr'>inter</span> <span class='ocrx_word' id='word_1_637' title='bbox 1401 1314 1630 1349; x_wconf 81' lang='lat' dir='ltr'>ambulandum</span> <span class='ocrx_word' id='word_1_638' title='bbox 1650 1337 1660 1351; x_wconf 69' lang='lat'>2</span> <span class='ocrx_word' id='word_1_639' title='bbox 1693 1313 1856 1349; x_wconf 79' lang='lat' dir='ltr'>obnoxius</span> <span class='ocrx_word' id='word_1_640' title='bbox 1887 1313 1991 1348; x_wconf 88' lang='lat' dir='ltr'>fuerat</span> <span class='ocrx_word' id='word_1_641' title='bbox 2025 1308 2167 1352; x_wconf 73' lang='lat' dir='ltr'>spirandi</span> 
     </span>
     <span class='ocr_line' id='line_1_89' title="bbox 1149 1355 2168 1405; baseline -0.007 -12"><span class='ocrx_word' id='word_1_642' title='bbox 1149 1360 1370 1397; x_wconf 86' lang='lat' dir='ltr'>difficultati,</span> <span class='ocrx_word' id='word_1_643' title='bbox 1406 1358 1539 1402; x_wconf 89' lang='lat' dir='ltr'>tuffique</span> <span class='ocrx_word' id='word_1_644' title='bbox 1582 1357 1721 1392; x_wconf 80' lang='lat' dir='ltr'>molestae</span> <span class='ocrx_word' id='word_1_645' title='bbox 1746 1384 1753 1392; x_wconf 93' lang='lat'>.</span> <span class='ocrx_word' id='word_1_646' title='bbox 1889 1356 2097 1405; x_wconf 60' lang='lat' dir='ltr'>VENTRJ}</span> <span class='ocrx_word' id='word_1_647' title='bbox 2131 1355 2168 1387; x_wconf 87' lang='lat' dir='ltr'>in</span> 
     </span>
     <span class='ocr_line' id='line_1_90' title="bbox 1151 1400 2168 1443; baseline -0.007 -6"><span class='ocrx_word' id='word_1_648' title='bbox 1151 1403 1284 1438; x_wconf 85' lang='lat' dir='ltr'>Publica</span> <span class='ocrx_word' id='word_1_649' title='bbox 1303 1405 1467 1437; x_wconf 64' lang='lat' dir='ltr'>&gt;Anatome</span> <span class='ocrx_word' id='word_1_650' title='bbox 1490 1402 1638 1443; x_wconf 85' lang='lat' dir='ltr'>recluso,</span> <span class='ocrx_word' id='word_1_651' title='bbox 1662 1400 1815 1436; x_wconf 87' lang='lat' dir='ltr'>nonnulla</span> <span class='ocrx_word' id='word_1_652' title='bbox 1838 1403 1873 1435; x_wconf 90' lang='lat' dir='ltr'>in</span> <span class='ocrx_word' id='word_1_653' title='bbox 1895 1401 2088 1435; x_wconf 72' lang='lat' dir='ltr'>mesenterlo</span> <span class='ocrx_word' id='word_1_654' title='bbox 2111 1408 2168 1431; x_wconf 82' lang='lat' dir='ltr'>va-</span> 
     </span>
     <span class='ocr_line' id='line_1_91' title="bbox 1150 1441 2172 1493; baseline -0.007 -12"><span class='ocrx_word' id='word_1_655' title='bbox 1150 1447 1180 1481; x_wconf 88' lang='lat' dir='ltr'>sa</span> <span class='ocrx_word' id='word_1_656' title='bbox 1203 1448 1321 1482; x_wconf 63' lang='lat' dir='ltr'>Laerea</span> <span class='ocrx_word' id='word_1_657' title='bbox 1343 1446 1608 1489; x_wconf 86' lang='lat' dir='ltr'>conspiciuntur.</span> <span class='ocrx_word' id='word_1_658' title='bbox 1742 1444 1896 1493; x_wconf 78' lang='lat' dir='ltr'>Thorace</span> <span class='ocrx_word' id='word_1_659' title='bbox 1918 1454 2027 1493; x_wconf 68' lang='lat' dir='ltr'>autern</span> <span class='ocrx_word' id='word_1_660' title='bbox 2049 1465 2059 1480; x_wconf 88' lang='lat'>,</span> <span class='ocrx_word' id='word_1_661' title='bbox 2093 1441 2172 1485; x_wconf 66' lang='lat' dir='ltr'>pul-</span> 
     </span>
     <span class='ocr_line' id='line_1_92' title="bbox 1148 1487 2171 1533; baseline -0.006 -9"><span class='ocrx_word' id='word_1_662' title='bbox 1148 1502 1259 1525; x_wconf 84' lang='lat' dir='ltr'>mones</span> <span class='ocrx_word' id='word_1_663' title='bbox 1282 1492 1378 1524; x_wconf 88' lang='lat' dir='ltr'>variis</span> <span class='ocrx_word' id='word_1_664' title='bbox 1400 1488 1545 1525; x_wconf 65' lang='lat' dir='ltr'>distincti</span> <span class='ocrx_word' id='word_1_665' title='bbox 1571 1489 1705 1523; x_wconf 84' lang='lat' dir='ltr'>maculis</span> <span class='ocrx_word' id='word_1_666' title='bbox 1729 1488 1817 1532; x_wconf 84' lang='lat' dir='ltr'>quali</span> <span class='ocrx_word' id='word_1_667' title='bbox 1841 1487 2078 1533; x_wconf 83' lang='lat' dir='ltr'>nigricantibus</span> <span class='ocrx_word' id='word_1_668' title='bbox 2103 1509 2116 1526; x_wconf 92' lang='lat'><em>‚</em></span> <span class='ocrx_word' id='word_1_669' title='bbox 2151 1495 2171 1517; x_wconf 84' lang='lat' dir='ltr'>a</span> 
     </span>
     <span class='ocr_line' id='line_1_93' title="bbox 1148 1532 2171 1579; baseline -0.007 -11"><span class='ocrx_word' id='word_1_670' title='bbox 1148 1536 1256 1579; x_wconf 82' lang='lat' dir='ltr'>pleura</span> <span class='ocrx_word' id='word_1_671' title='bbox 1280 1545 1387 1569; x_wconf 86' lang='lat' dir='ltr'>tamen</span> <span class='ocrx_word' id='word_1_672' title='bbox 1414 1533 1510 1568; x_wconf 89' lang='lat' dir='ltr'>soluti</span> <span class='ocrx_word' id='word_1_673' title='bbox 1520 1557 1534 1574; x_wconf 79' lang='lat'><em>,</em></span> <span class='ocrx_word' id='word_1_674' title='bbox 1555 1532 1727 1571; x_wconf 22' lang='lat' dir='ltr'>fivdexteri</span> <span class='ocrx_word' id='word_1_675' title='bbox 1751 1532 1946 1575; x_wconf 90' lang='lat' dir='ltr'>superiorem</span> <span class='ocrx_word' id='word_1_676' title='bbox 1969 1539 2092 1574; x_wconf 89' lang='lat' dir='ltr'>partem</span> <span class='ocrx_word' id='word_1_677' title='bbox 2114 1539 2171 1562; x_wconf 61' lang='lat' dir='ltr'>exa</span> 
     </span>
     <span class='ocr_line' id='line_1_94' title="bbox 1151 1573 2172 1622; baseline -0.007 -11"><span class='ocrx_word' id='word_1_678' title='bbox 1151 1580 1254 1621; x_wconf 82' lang='lat' dir='ltr'>cipias</span> <span class='ocrx_word' id='word_1_679' title='bbox 1277 1591 1288 1618; x_wconf 70' lang='grc' dir='ltr'>ς</span> <span class='ocrx_word' id='word_1_680' title='bbox 1320 1589 1392 1622; x_wconf 84' lang='lat' dir='ltr'>quae</span> <span class='ocrx_word' id='word_1_681' title='bbox 1416 1576 1455 1610; x_wconf 88' lang='lat' dir='ltr'>ad</span> <span class='ocrx_word' id='word_1_682' title='bbox 1480 1579 1571 1620; x_wconf 88' lang='lat' dir='ltr'>pomi</span> <span class='ocrx_word' id='word_1_683' title='bbox 1595 1575 1856 1618; x_wconf 83' lang='lat' dir='ltr'>magnitudinem</span> <span class='ocrx_word' id='word_1_684' title='bbox 1890 1584 1957 1610; x_wconf 84' lang='lat' dir='ltr'>erat</span> <span class='ocrx_word' id='word_1_685' title='bbox 1981 1573 2132 1615; x_wconf 87' lang='lat' dir='ltr'>indurata</span> <span class='ocrx_word' id='word_1_686' title='bbox 2155 1594 2172 1610; x_wconf 22' lang='lat' dir='ltr'>,v</span> 
     </span>
     <span class='ocr_line' id='line_1_95' title="bbox 1152 1616 2172 1665; baseline -0.006 -9"><span class='ocrx_word' id='word_1_687' title='bbox 1152 1625 1185 1655; x_wconf 63' lang='grc' dir='ltr'>ἃ</span> <span class='ocrx_word' id='word_1_688' title='bbox 1208 1623 1363 1665; x_wconf 88' lang='lat' dir='ltr'>peculiari</span> <span class='ocrx_word' id='word_1_689' title='bbox 1386 1619 1508 1662; x_wconf 54' lang='lat' dir='ltr'>infesta</span> <span class='ocrx_word' id='word_1_690' title='bbox 1533 1619 1685 1655; x_wconf 89' lang='lat' dir='ltr'>rubedine</span> <span class='ocrx_word' id='word_1_691' title='bbox 1718 1630 1782 1653; x_wconf 89' lang='lat' dir='ltr'>non</span> <span class='ocrx_word' id='word_1_692' title='bbox 1807 1619 1892 1654; x_wconf 89' lang='lat' dir='ltr'>secus</span> <span class='ocrx_word' id='word_1_693' title='bbox 1926 1630 1961 1652; x_wconf 82' lang='lat' dir='ltr'>ac</span> <span class='ocrx_word' id='word_1_694' title='bbox 1984 1617 2007 1651; x_wconf 88' lang='lat' dir='ltr'>fi</span> <span class='ocrx_word' id='word_1_695' title='bbox 2040 1616 2172 1652; x_wconf 78' lang='lat' dir='ltr'>inflam-</span> 
     </span>
     <span class='ocr_line' id='line_1_96' title="bbox 1151 1659 2170 1706; baseline -0.006 -7"><span class='ocrx_word' id='word_1_696' title='bbox 1151 1675 1236 1700; x_wconf 86' lang='lat' dir='ltr'>mata</span> <span class='ocrx_word' id='word_1_697' title='bbox 1259 1663 1354 1706; x_wconf 76' lang='lat' dir='ltr'>esset5</span> <span class='ocrx_word' id='word_1_698' title='bbox 1379 1663 1449 1698; x_wconf 79' lang='lat' dir='ltr'>haec</span> <span class='ocrx_word' id='word_1_699' title='bbox 1473 1665 1559 1698; x_wconf 89' lang='lat' dir='ltr'>enim</span> <span class='ocrx_word' id='word_1_700' title='bbox 1583 1662 1703 1698; x_wconf 59' lang='lat' dir='ltr'>valides</span> <span class='ocrx_word' id='word_1_701' title='bbox 1720 1662 1759 1697; x_wconf 90' lang='lat' dir='ltr'>ad</span> <span class='ocrx_word' id='word_1_702' title='bbox 1782 1664 1925 1706; x_wconf 89' lang='lat' dir='ltr'>pleuram</span> <span class='ocrx_word' id='word_1_703' title='bbox 1959 1662 2045 1697; x_wconf 83' lang='lat' dir='ltr'>circa</span> <span class='ocrx_word' id='word_1_704' title='bbox 2068 1659 2170 1695; x_wconf 79' lang='lat' dir='ltr'>costas</span> 
     </span>
     <span class='ocr_line' id='line_1_97' title="bbox 1151 1707 2171 1751; baseline -0.007 -8"><span class='ocrx_word' id='word_1_705' title='bbox 1151 1712 1185 1743; x_wconf 73' lang='grc' dir='ltr'>ὅ(</span> <span class='ocrx_word' id='word_1_706' title='bbox 1207 1721 1269 1751; x_wconf 85' lang='lat' dir='ltr'>qua</span> <span class='ocrx_word' id='word_1_707' title='bbox 1280 1709 1442 1742; x_wconf 81' lang='lat' dir='ltr'>claviculae</span> <span class='ocrx_word' id='word_1_708' title='bbox 1456 1707 1625 1751; x_wconf 87' lang='lat' dir='ltr'>respondet</span> <span class='ocrx_word' id='word_1_709' title='bbox 1637 1731 1648 1746; x_wconf 89' lang='lat'>,</span> <span class='ocrx_word' id='word_1_710' title='bbox 1673 1707 1901 1742; x_wconf 62' lang='lat' dir='ltr'>annectebatur</span> <span class='ocrx_word' id='word_1_711' title='bbox 1916 1732 1923 1740; x_wconf 91' lang='lat'>.</span> <span class='ocrx_word' id='word_1_712' title='bbox 2059 1707 2097 1738; x_wconf 91' lang='lat' dir='ltr'>In</span> <span class='ocrx_word' id='word_1_713' title='bbox 2113 1715 2171 1747; x_wconf 51' lang='lat' dir='ltr'>pe*</span> 
     </span>
     <span class='ocr_line' id='line_1_98' title="bbox 1150 1747 2171 1792; baseline -0.005 -6"><span class='ocrx_word' id='word_1_714' title='bbox 1150 1752 1291 1786; x_wconf 85' lang='lat' dir='ltr'>ricardio</span> <span class='ocrx_word' id='word_1_715' title='bbox 1313 1753 1416 1786; x_wconf 89' lang='lat' dir='ltr'>serum</span> <span class='ocrx_word' id='word_1_716' title='bbox 1439 1753 1495 1785; x_wconf 88' lang='lat' dir='ltr'>vix</span> <span class='ocrx_word' id='word_1_717' title='bbox 1517 1751 1558 1787; x_wconf 89' lang='lat' dir='ltr'>ad</span> <span class='ocrx_word' id='word_1_718' title='bbox 1581 1753 1682 1786; x_wconf 86' lang='lat' dir='ltr'>unciae</span> <span class='ocrx_word' id='word_1_719' title='bbox 1706 1750 1903 1792; x_wconf 79' lang='lat' dir='ltr'>dimidium5</span> <span class='ocrx_word' id='word_1_720' title='bbox 1927 1752 1963 1784; x_wconf 89' lang='lat' dir='ltr'>in</span> <span class='ocrx_word' id='word_1_721' title='bbox 1985 1748 2082 1784; x_wconf 88' lang='lat' dir='ltr'>corde</span> <span class='ocrx_word' id='word_1_722' title='bbox 2096 1747 2171 1783; x_wconf 91' lang='lat' dir='ltr'>nul-</span> 
     </span>
     <span class='ocr_line' id='line_1_99' title="bbox 1234 1792 2169 1839; baseline -0.007 -9"><span class='ocrx_word' id='word_1_723' title='bbox 1234 1808 1366 1839; x_wconf 74' lang='lat' dir='ltr'>grumus</span> <span class='ocrx_word' id='word_1_724' title='bbox 1390 1795 1552 1839; x_wconf 77' lang='lat' dir='ltr'>sanguinis</span> <span class='ocrx_word' id='word_1_725' title='bbox 1587 1799 1734 1830; x_wconf 88' lang='lat' dir='ltr'>inventus</span> <span class='ocrx_word' id='word_1_726' title='bbox 1758 1796 1802 1829; x_wconf 85' lang='lat' dir='ltr'>est</span> <span class='ocrx_word' id='word_1_727' title='bbox 1825 1820 1832 1828; x_wconf 93' lang='lat'>.</span> <span class='ocrx_word' id='word_1_728' title='bbox 1967 1796 2007 1828; x_wconf 89' lang='lat' dir='ltr'>In</span> <span class='ocrx_word' id='word_1_729' title='bbox 2032 1792 2134 1826; x_wconf 90' lang='lat' dir='ltr'>Collo</span> <span class='ocrx_word' id='word_1_730' title='bbox 2158 1815 2169 1830; x_wconf 83' lang='lat'><em>,</em></span> 
     </span>
     <span class='ocr_line' id='line_1_100' title="bbox 1148 1834 2171 1883; baseline -0.006 -9"><span class='ocrx_word' id='word_1_731' title='bbox 1148 1841 1309 1874; x_wconf 87' lang='lat' dir='ltr'>musculos</span> <span class='ocrx_word' id='word_1_732' title='bbox 1333 1841 1390 1883; x_wconf 84' lang='lat' dir='ltr'>qui</span> <span class='ocrx_word' id='word_1_733' title='bbox 1413 1851 1448 1873; x_wconf 86' lang='lat' dir='ltr'>os</span> <span class='ocrx_word' id='word_1_734' title='bbox 1480 1838 1617 1882; x_wconf 85' lang='lat' dir='ltr'>hyoides</span> <span class='ocrx_word' id='word_1_735' title='bbox 1641 1850 1714 1873; x_wconf 90' lang='lat' dir='ltr'>cum</span> <span class='ocrx_word' id='word_1_736' title='bbox 1749 1839 1883 1882; x_wconf 79' lang='lat' dir='ltr'>larynge</span> <span class='ocrx_word' id='word_1_737' title='bbox 1904 1863 1917 1880; x_wconf 81' lang='lat'><em>‚</em></span> <span class='ocrx_word' id='word_1_738' title='bbox 1949 1834 2171 1880; x_wconf 82' lang='lat' dir='ltr'>proximisque</span> 
     </span>
     <span class='ocr_line' id='line_1_101' title="bbox 1148 1881 2171 1927; baseline -0.005 -10"><span class='ocrx_word' id='word_1_739' title='bbox 1148 1885 1293 1927; x_wconf 84' lang='lat' dir='ltr'>partibus</span> <span class='ocrx_word' id='word_1_740' title='bbox 1316 1884 1536 1925; x_wconf 72' lang='lat' dir='ltr'>conneetunt,</span> <span class='ocrx_word' id='word_1_741' title='bbox 1559 1882 1718 1917; x_wconf 77' lang='lat' dir='ltr'>carnificis</span> <span class='ocrx_word' id='word_1_742' title='bbox 1742 1883 1872 1926; x_wconf 87' lang='lat' dir='ltr'>laqueus</span> <span class='ocrx_word' id='word_1_743' title='bbox 1898 1881 2102 1924; x_wconf 75' lang='lat' dir='ltr'>disruperat3</span> <span class='ocrx_word' id='word_1_744' title='bbox 2133 1888 2171 1913; x_wconf 86' lang='lat' dir='ltr'>ut</span> 
     </span>
     <span class='ocr_line' id='line_1_102' title="bbox 1147 1925 2168 1973; baseline -0.004 -12"><span class='ocrx_word' id='word_1_745' title='bbox 1147 1928 1232 1962; x_wconf 90' lang='lat' dir='ltr'>illud</span> <span class='ocrx_word' id='word_1_746' title='bbox 1256 1939 1292 1961; x_wconf 85' lang='lat' dir='ltr'>os</span> <span class='ocrx_word' id='word_1_747' title='bbox 1318 1927 1355 1961; x_wconf 88' lang='lat' dir='ltr'>ab</span> <span class='ocrx_word' id='word_1_748' title='bbox 1378 1928 1512 1969; x_wconf 70' lang='lat' dir='ltr'>larynge</span> <span class='ocrx_word' id='word_1_749' title='bbox 1538 1927 1609 1961; x_wconf 84' lang='lat' dir='ltr'>esset</span> <span class='ocrx_word' id='word_1_750' title='bbox 1635 1927 1816 1970; x_wconf 88' lang='lat' dir='ltr'>separatum</span> <span class='ocrx_word' id='word_1_751' title='bbox 1832 1951 1840 1959; x_wconf 96' lang='lat'>.</span> <span class='ocrx_word' id='word_1_752' title='bbox 1978 1925 2040 1959; x_wconf 77' lang='lat' dir='ltr'>Aer</span> <span class='ocrx_word' id='word_1_753' title='bbox 2056 1925 2168 1973; x_wconf 80' lang='lat' dir='ltr'>Caput</span> 
     </span>
     <span class='ocr_line' id='line_1_103' title="bbox 1146 1969 2174 2013; baseline -0.004 -9"><span class='ocrx_word' id='word_1_754' title='bbox 1146 1972 1275 2005; x_wconf 80' lang='lat' dir='ltr'>tandem</span> <span class='ocrx_word' id='word_1_755' title='bbox 1298 1980 1431 2004; x_wconf 88' lang='lat' dir='ltr'>ventum</span> <span class='ocrx_word' id='word_1_756' title='bbox 1456 1969 1517 2005; x_wconf 85' lang='lat' dir='ltr'>est.</span> <span class='ocrx_word' id='word_1_757' title='bbox 1543 1973 1666 2011; x_wconf 81' lang='lat' dir='ltr'>Cutis,</span> <span class='ocrx_word' id='word_1_758' title='bbox 1691 1971 1835 2005; x_wconf 88' lang='lat' dir='ltr'>cranium</span> <span class='ocrx_word' id='word_1_759' title='bbox 1859 1979 1969 2013; x_wconf 80' lang='lat' dir='ltr'>tegens</span> <span class='ocrx_word' id='word_1_760' title='bbox 1996 1995 2006 2010; x_wconf 88' lang='lat'>‚</span> <span class='ocrx_word' id='word_1_761' title='bbox 2029 1969 2174 2002; x_wconf 79' lang='lat' dir='ltr'>interio-</span> 
     </span>
     <span class='ocr_line' id='line_1_104' title="bbox 1148 2012 2171 2058; baseline -0.004 -9"><span class='ocrx_word' id='word_1_762' title='bbox 1148 2027 1192 2057; x_wconf 59' lang='lat' dir='ltr'>re„</span> <span class='ocrx_word' id='word_1_763' title='bbox 1212 2015 1294 2049; x_wconf 80' lang='lat' dir='ltr'>facie</span> <span class='ocrx_word' id='word_1_764' title='bbox 1318 2013 1516 2057; x_wconf 73' lang='lat' dir='ltr'>sanguifer-is</span> <span class='ocrx_word' id='word_1_765' title='bbox 1534 2016 1686 2058; x_wconf 83' lang='lat' dir='ltr'>turgebat</span> <span class='ocrx_word' id='word_1_766' title='bbox 1719 2014 1854 2049; x_wconf 87' lang='lat' dir='ltr'>vasculis</span> <span class='ocrx_word' id='word_1_767' title='bbox 1875 2038 1882 2046; x_wconf 92' lang='lat'>.</span> <span class='ocrx_word' id='word_1_768' title='bbox 1919 2013 2096 2053; x_wconf 81' lang='lat' dir='ltr'>Cerebrum</span> <span class='ocrx_word' id='word_1_769' title='bbox 2120 2012 2171 2044; x_wconf 89' lang='lat' dir='ltr'>ni-</span> 
     </span>
     <span class='ocr_line' id='line_1_105' title="bbox 1148 2056 2173 2101; baseline -0.002 -8"><span class='ocrx_word' id='word_1_770' title='bbox 1148 2059 1197 2094; x_wconf 92' lang='lat' dir='ltr'>hil</span> <span class='ocrx_word' id='word_1_771' title='bbox 1222 2083 1231 2096; x_wconf 92' lang='lat'>,</span> <span class='ocrx_word' id='word_1_772' title='bbox 1265 2067 1424 2101; x_wconf 83' lang='lat' dir='ltr'>quantum</span> <span class='ocrx_word' id='word_1_773' title='bbox 1448 2056 1591 2099; x_wconf 70' lang='lat' dir='ltr'>iudicare</span> <span class='ocrx_word' id='word_1_774' title='bbox 1614 2057 1717 2093; x_wconf 90' lang='lat' dir='ltr'>sensus</span> <span class='ocrx_word' id='word_1_775' title='bbox 1743 2067 1894 2101; x_wconf 88' lang='lat' dir='ltr'>poterant</span> <span class='ocrx_word' id='word_1_776' title='bbox 1913 2082 1926 2099; x_wconf 82' lang='lat'><em>‚</em></span> <span class='ocrx_word' id='word_1_777' title='bbox 1957 2057 1998 2090; x_wconf 93' lang='lat' dir='ltr'>ab</span> <span class='ocrx_word' id='word_1_778' title='bbox 2029 2056 2173 2091; x_wconf 76' lang='lat' dir='ltr'>naturali</span> 
     </span>
     <span class='ocr_line' id='line_1_106' title="bbox 1150 2100 2176 2144; baseline -0.003 -8"><span class='ocrx_word' id='word_1_779' title='bbox 1150 2102 1381 2136; x_wconf 86' lang='lat' dir='ltr'>constitutione</span> <span class='ocrx_word' id='word_1_780' title='bbox 1405 2101 1628 2144; x_wconf 85' lang='lat' dir='ltr'>discrepabat.</span> <span class='ocrx_word' id='word_1_781' title='bbox 1654 2101 1797 2137; x_wconf 88' lang='lat' dir='ltr'>Musculi</span> <span class='ocrx_word' id='word_1_782' title='bbox 1824 2126 1837 2141; x_wconf 91' lang='lat'>,</span> <span class='ocrx_word' id='word_1_783' title='bbox 1856 2105 1903 2135; x_wconf 35' lang='grc' dir='ltr'>κά</span> <span class='ocrx_word' id='word_1_784' title='bbox 1926 2110 2039 2139; x_wconf 84' lang='lat' dir='ltr'>caetera</span> <span class='ocrx_word' id='word_1_785' title='bbox 2063 2100 2176 2134; x_wconf 41' lang='lat' dir='ltr'>oculis*</span> 
     </span>
     <span class='ocr_line' id='line_1_107' title="bbox 1149 2144 2171 2189; baseline -0.003 -10"><span class='ocrx_word' id='word_1_786' title='bbox 1149 2144 1357 2188; x_wconf 68' lang='lat' dir='ltr'>circumjecta</span> <span class='ocrx_word' id='word_1_787' title='bbox 1380 2157 1396 2178; x_wconf 87' lang='lat' dir='ltr'>a</span> <span class='ocrx_word' id='word_1_788' title='bbox 1420 2145 1582 2186; x_wconf 80' lang='lat' dir='ltr'>stagnante</span> <span class='ocrx_word' id='word_1_789' title='bbox 1605 2146 1757 2188; x_wconf 77' lang='lat' dir='ltr'>sanguine</span> <span class='ocrx_word' id='word_1_790' title='bbox 1780 2144 1868 2189; x_wconf 83' lang='lat' dir='ltr'>quali</span> <span class='ocrx_word' id='word_1_791' title='bbox 1891 2144 2095 2180; x_wconf 83' lang='lat' dir='ltr'>inflammata</span> <span class='ocrx_word' id='word_1_792' title='bbox 2119 2144 2171 2176; x_wconf 91' lang='lat' dir='ltr'>vi-</span> 
     </span>
     <span class='ocr_line' id='line_1_108' title="bbox 1152 2188 2173 2233; baseline 0 -12"><span class='ocrx_word' id='word_1_793' title='bbox 1152 2188 1330 2223; x_wconf 84' lang='lat' dir='ltr'>debantur:</span> <span class='ocrx_word' id='word_1_794' title='bbox 1353 2190 1464 2229; x_wconf 86' lang='lat' dir='ltr'>tunica</span> <span class='ocrx_word' id='word_1_795' title='bbox 1490 2199 1624 2233; x_wconf 84' lang='lat' dir='ltr'>utraque</span> <span class='ocrx_word' id='word_1_796' title='bbox 1648 2191 1766 2225; x_wconf 85' lang='lat' dir='ltr'>Retina</span> <span class='ocrx_word' id='word_1_797' title='bbox 1791 2190 1964 2232; x_wconf 74' lang='lat' dir='ltr'>sanguineo</span> <span class='ocrx_word' id='word_1_798' title='bbox 1986 2197 2052 2233; x_wconf 75' lang='lat' dir='ltr'>erat</span> <span class='ocrx_word' id='word_1_799' title='bbox 2077 2188 2173 2222; x_wconf 90' lang='lat' dir='ltr'>colo-</span> 
     </span>
     <span class='ocr_line' id='line_1_109' title="bbox 1152 2231 2170 2276; baseline 0.001 -12"><span class='ocrx_word' id='word_1_800' title='bbox 1152 2231 1325 2265; x_wconf 80' lang='lat' dir='ltr'>resuffusa</span> <span class='ocrx_word' id='word_1_801' title='bbox 1349 2258 1368 2264; x_wconf 90' lang='lat'>..</span> <span class='ocrx_word' id='word_1_802' title='bbox 1394 2233 1539 2276; x_wconf 88' lang='lat' dir='ltr'>Alterius</span> <span class='ocrx_word' id='word_1_803' title='bbox 1564 2234 1648 2267; x_wconf 90' lang='lat' dir='ltr'>auris</span> <span class='ocrx_word' id='word_1_804' title='bbox 1672 2233 1860 2273; x_wconf 86' lang='lat' dir='ltr'>Membrana</span> <span class='ocrx_word' id='word_1_805' title='bbox 1886 2233 2055 2276; x_wconf 81' lang='lat' dir='ltr'>Tympan&#39;</span> <span class='ocrx_word' id='word_1_806' title='bbox 2092 2241 2170 2266; x_wconf 90' lang='lat' dir='ltr'>cum</span> 
     </span>
     <span class='ocr_line' id='line_1_110' title="bbox 1154 2275 2170 2319; baseline 0 -10"><span class='ocrx_word' id='word_1_807' title='bbox 1154 2278 1284 2309; x_wconf 84' lang='lat' dir='ltr'>annexis</span> <span class='ocrx_word' id='word_1_808' title='bbox 1307 2275 1446 2310; x_wconf 84' lang='lat' dir='ltr'>officulis</span> <span class='ocrx_word' id='word_1_809' title='bbox 1471 2276 1620 2319; x_wconf 81' lang='lat' dir='ltr'>sanguine</span> <span class='ocrx_word' id='word_1_810' title='bbox 1645 2276 1748 2310; x_wconf 62' lang='lat' dir='ltr'>tinfia</span> <span class='ocrx_word' id='word_1_811' title='bbox 1769 2288 1780 2315; x_wconf 79' lang='lat'>3</span> <span class='ocrx_word' id='word_1_812' title='bbox 1818 2276 1949 2309; x_wconf 88' lang='lat' dir='ltr'>alterius</span> <span class='ocrx_word' id='word_1_813' title='bbox 1974 2285 2045 2319; x_wconf 88' lang='lat' dir='ltr'>tym</span> <span class='ocrx_word' id='word_1_814' title='bbox 2073 2286 2170 2318; x_wconf 78' lang='lat' dir='ltr'>anum</span> 
     </span>
     <span class='ocr_line' id='line_1_111' title="bbox 1150 2318 2170 2364; baseline 0.002 -13"><span class='ocrx_word' id='word_1_815' title='bbox 1150 2318 1257 2360; x_wconf 85' lang='lat' dir='ltr'>ipsum</span> <span class='ocrx_word' id='word_1_816' title='bbox 1280 2319 1381 2353; x_wconf 89' lang='lat' dir='ltr'>levius</span> <span class='ocrx_word' id='word_1_817' title='bbox 1404 2319 1558 2364; x_wconf 87' lang='lat' dir='ltr'>quidem,</span> <span class='ocrx_word' id='word_1_818' title='bbox 1580 2318 1631 2354; x_wconf 91' lang='lat' dir='ltr'>sed</span> <span class='ocrx_word' id='word_1_819' title='bbox 1655 2330 1761 2354; x_wconf 86' lang='lat' dir='ltr'>tamen</span> <span class='ocrx_word' id='word_1_820' title='bbox 1774 2318 1874 2354; x_wconf 90' lang='lat' dir='ltr'>solito</span> <span class='ocrx_word' id='word_1_821' title='bbox 1897 2318 2055 2363; x_wconf 72' lang='lat' dir='ltr'>majorem</span> <span class='ocrx_word' id='word_1_822' title='bbox 2065 2318 2170 2353; x_wconf 89' lang='lat' dir='ltr'>osten-</span> 
     </span>
     <span class='ocr_line' id='line_1_112' title="bbox 1150 2361 1435 2397; baseline 0.006 -1"><span class='ocrx_word' id='word_1_823' title='bbox 1150 2362 1201 2396; x_wconf 91' lang='lat' dir='ltr'>dit</span> <span class='ocrx_word' id='word_1_824' title='bbox 1226 2361 1435 2397; x_wconf 78' lang='lat' dir='ltr'>rubedinem.</span> 
     </span>
    </p>

    <p class='ocr_par' dir='ltr' id='par_1_25' title="bbox 1150 2406 2172 2761">
     <span class='ocr_line' id='line_1_113' title="bbox 1196 2406 2172 2453; baseline 0.005 -14"><span class='ocrx_word' id='word_1_825' title='bbox 1196 2418 1227 2447; x_wconf 87' lang='lat'>9.</span> <span class='ocrx_word' id='word_1_826' title='bbox 1253 2406 1356 2445; x_wconf 75' lang='lat' dir='ltr'>Quod</span> <span class='ocrx_word' id='word_1_827' title='bbox 1378 2408 1414 2440; x_wconf 90' lang='lat' dir='ltr'>in</span> <span class='ocrx_word' id='word_1_828' title='bbox 1438 2409 1591 2451; x_wconf 89' lang='lat' dir='ltr'>pulmone</span> <span class='ocrx_word' id='word_1_829' title='bbox 1614 2410 1741 2452; x_wconf 80' lang='lat' dir='ltr'>gravius</span> <span class='ocrx_word' id='word_1_830' title='bbox 1765 2418 1833 2445; x_wconf 86' lang='lat' dir='ltr'>erat</span> <span class='ocrx_word' id='word_1_831' title='bbox 1845 2410 1964 2444; x_wconf 89' lang='lat' dir='ltr'>vitium</span> <span class='ocrx_word' id='word_1_832' title='bbox 1981 2436 1992 2452; x_wconf 95' lang='lat'>,</span> <span class='ocrx_word' id='word_1_833' title='bbox 2014 2409 2073 2452; x_wconf 91' lang='lat' dir='ltr'>id,</span> <span class='ocrx_word' id='word_1_834' title='bbox 2092 2415 2172 2453; x_wconf 58' lang='grc' dir='ltr'>[οι-ο-Υ</span> 
     </span>
     <span class='ocr_line' id='line_1_114' title="bbox 1150 2448 2169 2498; baseline 0.004 -15"><span class='ocrx_word' id='word_1_835' title='bbox 1150 2451 1203 2484; x_wconf 92' lang='lat' dir='ltr'>cul</span> <span class='ocrx_word' id='word_1_836' title='bbox 1227 2448 1329 2496; x_wconf 87' lang='lat' dir='ltr'>dubio</span> <span class='ocrx_word' id='word_1_837' title='bbox 1352 2461 1417 2483; x_wconf 90' lang='lat' dir='ltr'>non</span> <span class='ocrx_word' id='word_1_838' title='bbox 1442 2452 1480 2485; x_wconf 89' lang='lat' dir='ltr'>ab</span> <span class='ocrx_word' id='word_1_839' title='bbox 1504 2455 1622 2485; x_wconf 87' lang='lat' dir='ltr'>recenti</span> <span class='ocrx_word' id='word_1_840' title='bbox 1648 2453 1833 2496; x_wconf 85' lang='lat' dir='ltr'>supplicio,</span> <span class='ocrx_word' id='word_1_841' title='bbox 1858 2454 1910 2488; x_wconf 87' lang='lat' dir='ltr'>sed</span> <span class='ocrx_word' id='word_1_842' title='bbox 1935 2454 1973 2487; x_wconf 90' lang='lat' dir='ltr'>ab</span> <span class='ocrx_word' id='word_1_843' title='bbox 1996 2455 2169 2498; x_wconf 87' lang='lat' dir='ltr'>antiquio-</span> 
     </span>
     <span class='ocr_line' id='line_1_115' title="bbox 1151 2494 2168 2538; baseline 0.008 -13"><span class='ocrx_word' id='word_1_844' title='bbox 1151 2505 1182 2526; x_wconf 91' lang='lat' dir='ltr'>re</span> <span class='ocrx_word' id='word_1_845' title='bbox 1205 2494 1295 2526; x_wconf 84' lang='lat' dir='ltr'>caula</span> <span class='ocrx_word' id='word_1_846' title='bbox 1320 2494 1427 2537; x_wconf 87' lang='lat' dir='ltr'>aliqua</span> <span class='ocrx_word' id='word_1_847' title='bbox 1452 2494 1660 2538; x_wconf 86' lang='lat' dir='ltr'>repetendum</span> <span class='ocrx_word' id='word_1_848' title='bbox 1676 2521 1684 2536; x_wconf 96' lang='lat'><strong>‚</strong></span> <span class='ocrx_word' id='word_1_849' title='bbox 1707 2496 1834 2531; x_wconf 88' lang='lat' dir='ltr'>videtur</span> <span class='ocrx_word' id='word_1_850' title='bbox 1866 2496 2035 2531; x_wconf 88' lang='lat' dir='ltr'>hominem</span> <span class='ocrx_word' id='word_1_851' title='bbox 2062 2497 2168 2533; x_wconf 83' lang='lat' dir='ltr'>feciffe</span> 
     </span>
     <span class='ocr_line' id='line_1_116' title="bbox 1151 2536 2168 2586; baseline 0.008 -18"><span class='ocrx_word' id='word_1_852' title='bbox 1151 2536 1333 2586; x_wconf 80' lang='lat' dir='ltr'>obnoxium</span> <span class='ocrx_word' id='word_1_853' title='bbox 1357 2537 1578 2579; x_wconf 87' lang='lat' dir='ltr'>respirationis</span> <span class='ocrx_word' id='word_1_854' title='bbox 1601 2539 1815 2582; x_wconf 83' lang='lat' dir='ltr'>difficultati,</span> <span class='ocrx_word' id='word_1_855' title='bbox 1839 2544 1871 2575; x_wconf 86' lang='lat'>&amp;</span> <span class='ocrx_word' id='word_1_856' title='bbox 1896 2540 1966 2575; x_wconf 85' lang='lat' dir='ltr'>tuffi</span> <span class='ocrx_word' id='word_1_857' title='bbox 1991 2540 2131 2576; x_wconf 80' lang='lat' dir='ltr'>molestae</span> <span class='ocrx_word' id='word_1_858' title='bbox 2154 2566 2168 2584; x_wconf 84' lang='lat'>‚</span> 
     </span>
     <span class='ocr_line' id='line_1_117' title="bbox 1153 2581 2169 2625; baseline 0.008 -13"><span class='ocrx_word' id='word_1_859' title='bbox 1153 2581 1331 2623; x_wconf 83' lang='lat' dir='ltr'>praelertim</span> <span class='ocrx_word' id='word_1_860' title='bbox 1354 2591 1429 2614; x_wconf 89' lang='lat' dir='ltr'>cum</span> <span class='ocrx_word' id='word_1_861' title='bbox 1452 2582 1580 2625; x_wconf 82' lang='lat' dir='ltr'>sanguis</span> <span class='ocrx_word' id='word_1_862' title='bbox 1601 2606 1610 2621; x_wconf 92' lang='lat'>,</span> <span class='ocrx_word' id='word_1_863' title='bbox 1648 2584 1734 2617; x_wconf 88' lang='lat' dir='ltr'>inter</span> <span class='ocrx_word' id='word_1_864' title='bbox 1759 2583 1989 2619; x_wconf 87' lang='lat' dir='ltr'>ambulandum</span> <span class='ocrx_word' id='word_1_865' title='bbox 2023 2587 2169 2620; x_wconf 90' lang='lat' dir='ltr'>concita—</span> 
     </span>
     <span class='ocr_line' id='line_1_118' title="bbox 1153 2623 2169 2672; baseline 0.008 -16"><span class='ocrx_word' id='word_1_866' title='bbox 1153 2632 1231 2663; x_wconf 76' lang='lat' dir='ltr'>tus,</span> <span class='ocrx_word' id='word_1_867' title='bbox 1255 2623 1293 2658; x_wconf 92' lang='lat' dir='ltr'>ad</span> <span class='ocrx_word' id='word_1_868' title='bbox 1317 2625 1512 2667; x_wconf 89' lang='lat' dir='ltr'>impeditam</span> <span class='ocrx_word' id='word_1_869' title='bbox 1536 2627 1663 2660; x_wconf 90' lang='lat' dir='ltr'>viarum</span> <span class='ocrx_word' id='word_1_870' title='bbox 1686 2627 1827 2662; x_wconf 69' lang='lat' dir='ltr'>suarum‘</span> <span class='ocrx_word' id='word_1_871' title='bbox 1847 2638 1971 2672; x_wconf 87' lang='lat' dir='ltr'>partem</span> <span class='ocrx_word' id='word_1_872' title='bbox 1995 2631 2030 2664; x_wconf 91' lang='lat' dir='ltr'>in</span> <span class='ocrx_word' id='word_1_873' title='bbox 2054 2642 2093 2664; x_wconf 94' lang='lat' dir='ltr'>eo</span> <span class='ocrx_word' id='word_1_874' title='bbox 2117 2631 2169 2663; x_wconf 93' lang='lat' dir='ltr'>vi-</span> 
     </span>
     <span class='ocr_line' id='line_1_119' title="bbox 1152 2666 2167 2717; baseline 0.01 -18"><span class='ocrx_word' id='word_1_875' title='bbox 1152 2666 1235 2700; x_wconf 84' lang='lat' dir='ltr'>scere</span> <span class='ocrx_word' id='word_1_876' title='bbox 1249 2666 1463 2717; x_wconf 74' lang='lat' dir='ltr'>perveniebat</span> <span class='ocrx_word' id='word_1_877' title='bbox 1484 2694 1496 2711; x_wconf 86' lang='lat'><em>,</em></span> <span class='ocrx_word' id='word_1_878' title='bbox 1518 2681 1572 2712; x_wconf 90' lang='lat' dir='ltr'>per</span> <span class='ocrx_word' id='word_1_879' title='bbox 1607 2670 1697 2714; x_wconf 90' lang='lat' dir='ltr'>quod</span> <span class='ocrx_word' id='word_1_880' title='bbox 1720 2671 1836 2714; x_wconf 83' lang='lat' dir='ltr'>majori</span> <span class='ocrx_word' id='word_1_881' title='bbox 1871 2682 1942 2707; x_wconf 89' lang='lat' dir='ltr'>tum</span> <span class='ocrx_word' id='word_1_882' title='bbox 1975 2675 2069 2717; x_wconf 85' lang='lat' dir='ltr'>copia</span> <span class='ocrx_word' id='word_1_883' title='bbox 2091 2699 2100 2716; x_wconf 93' lang='lat'><strong>,</strong></span> <span class='ocrx_word' id='word_1_884' title='bbox 2134 2676 2167 2708; x_wconf 88' lang='lat'>&amp;</span> 
     </span>
     <span class='ocr_line' id='line_1_120' title="bbox 1151 2710 2162 2761; baseline 0.009 -18"><span class='ocrx_word' id='word_1_885' title='bbox 1151 2710 1325 2745; x_wconf 77' lang='lat' dir='ltr'>velocitate</span> <span class='ocrx_word' id='word_1_886' title='bbox 1356 2723 1423 2746; x_wconf 88' lang='lat' dir='ltr'>erat</span> <span class='ocrx_word' id='word_1_887' title='bbox 1448 2713 1675 2749; x_wconf 87' lang='lat' dir='ltr'>transeundum</span> <span class='ocrx_word' id='word_1_888' title='bbox 1695 2738 1708 2756; x_wconf 84' lang='lat'><em>,</em></span> <span class='ocrx_word' id='word_1_889' title='bbox 1740 2716 1895 2759; x_wconf 75' lang='lat' dir='ltr'>simulque</span> <span class='ocrx_word' id='word_1_890' title='bbox 1928 2717 1963 2750; x_wconf 89' lang='lat' dir='ltr'>in</span> <span class='ocrx_word' id='word_1_891' title='bbox 1996 2719 2162 2761; x_wconf 85' lang='lat' dir='ltr'>proximas</span> 
     </span>
    </p>
   </div>
   <div class='ocr_carea' id='block_1_8' title="bbox 1084 2755 2165 2802">
    <p class='ocr_par' dir='ltr' id='par_1_26' title="bbox 1084 2755 2165 2802">
     <span class='ocr_line' id='line_1_121' title="bbox 1084 2755 2165 2802; baseline 0.008 -16"><span class='ocrx_word' id='word_1_892' title='bbox 1084 2777 1097 2794; x_wconf 87' lang='lat'>,</span> <span class='ocrx_word' id='word_1_893' title='bbox 1148 2755 1216 2787; x_wconf 87' lang='lat' dir='ltr'>vias</span> <span class='ocrx_word' id='word_1_894' title='bbox 1242 2757 1320 2789; x_wconf 89' lang='lat' dir='ltr'>aeris</span> <span class='ocrx_word' id='word_1_895' title='bbox 1342 2767 1381 2790; x_wconf 89' lang='lat' dir='ltr'>ex</span> <span class='ocrx_word' id='word_1_896' title='bbox 1404 2758 1520 2791; x_wconf 83' lang='lat' dir='ltr'>vit-iata</span> <span class='ocrx_word' id='word_1_897' title='bbox 1543 2757 1599 2791; x_wconf 86' lang='lat' dir='ltr'>illa</span> <span class='ocrx_word' id='word_1_898' title='bbox 1623 2759 1656 2790; x_wconf 89' lang='lat' dir='ltr'>in</span> <span class='ocrx_word' id='word_1_899' title='bbox 1680 2760 1992 2802; x_wconf 84' lang='lat' dir='ltr'>quamincursabat‚</span> <span class='ocrx_word' id='word_1_900' title='bbox 2018 2760 2087 2795; x_wconf 84' lang='lat' dir='ltr'>sede</span> <span class='ocrx_word' id='word_1_901' title='bbox 2100 2762 2165 2795; x_wconf 88' lang='lat' dir='ltr'>ali-</span> 
     </span>
    </p>
   </div>
   <div class='ocr_carea' id='block_1_9' title="bbox 1144 2797 2167 3543">
    <p class='ocr_par' dir='ltr' id='par_1_27' title="bbox 1144 2797 2167 3543">
     <span class='ocr_line' id='line_1_122' title="bbox 1148 2797 2167 2844; baseline 0.008 -13"><span class='ocrx_word' id='word_1_902' title='bbox 1148 2797 1230 2841; x_wconf 89' lang='lat' dir='ltr'>quid</span> <span class='ocrx_word' id='word_1_903' title='bbox 1253 2797 1349 2833; x_wconf 82' lang='lat' dir='ltr'>facile</span> <span class='ocrx_word' id='word_1_904' title='bbox 1372 2802 1571 2843; x_wconf 83' lang='lat' dir='ltr'>exprimebat</span> <span class='ocrx_word' id='word_1_905' title='bbox 1592 2824 1605 2842; x_wconf 91' lang='lat'>‚</span> <span class='ocrx_word' id='word_1_906' title='bbox 1635 2801 1724 2844; x_wconf 86' lang='lat' dir='ltr'>quod</span> <span class='ocrx_word' id='word_1_907' title='bbox 1744 2802 1905 2837; x_wconf 84' lang='lat' dir='ltr'>irritando</span> <span class='ocrx_word' id='word_1_908' title='bbox 1928 2803 2033 2838; x_wconf 84' lang='lat' dir='ltr'>tuffim</span> <span class='ocrx_word' id='word_1_909' title='bbox 2058 2816 2167 2838; x_wconf 90' lang='lat' dir='ltr'>move-</span> 
     </span>
     <span class='ocr_line' id='line_1_123' title="bbox 1148 2845 2165 2890; baseline 0.009 -17"><span class='ocrx_word' id='word_1_910' title='bbox 1148 2850 1218 2874; x_wconf 92' lang='lat' dir='ltr'>ret.</span> <span class='ocrx_word' id='word_1_911' title='bbox 1355 2845 1470 2878; x_wconf 86' lang='lat' dir='ltr'>Varias</span> <span class='ocrx_word' id='word_1_912' title='bbox 1495 2854 1601 2879; x_wconf 87' lang='lat' dir='ltr'>autem</span> <span class='ocrx_word' id='word_1_913' title='bbox 1624 2846 1694 2878; x_wconf 88' lang='lat' dir='ltr'>illas</span> <span class='ocrx_word' id='word_1_914' title='bbox 1716 2847 1835 2887; x_wconf 80' lang='lat' dir='ltr'>quibus</span> <span class='ocrx_word' id='word_1_915' title='bbox 1858 2847 2027 2890; x_wconf 88' lang='lat' dir='ltr'>pulmones</span> <span class='ocrx_word' id='word_1_916' title='bbox 2051 2848 2165 2882; x_wconf 87' lang='lat' dir='ltr'>distin-</span> 
     </span>
     <span class='ocr_line' id='line_1_124' title="bbox 1148 2885 2166 2932; baseline 0.007 -13"><span class='ocrx_word' id='word_1_917' title='bbox 1148 2885 1355 2929; x_wconf 82' lang='lat' dir='ltr'>guebantur,</span> <span class='ocrx_word' id='word_1_918' title='bbox 1378 2890 1520 2923; x_wconf 76' lang='lat' dir='ltr'>maculas</span> <span class='ocrx_word' id='word_1_919' title='bbox 1544 2887 1628 2932; x_wconf 86' lang='lat' dir='ltr'>quafi</span> <span class='ocrx_word' id='word_1_920' title='bbox 1652 2889 1850 2931; x_wconf 81' lang='lat' dir='ltr'>nigricantes</span> <span class='ocrx_word' id='word_1_921' title='bbox 1870 2891 1927 2926; x_wconf 85' lang='lat' dir='ltr'>etfi</span> <span class='ocrx_word' id='word_1_922' title='bbox 1967 2890 2006 2925; x_wconf 91' lang='lat' dir='ltr'>ad</span> <span class='ocrx_word' id='word_1_923' title='bbox 2029 2891 2166 2927; x_wconf 76' lang='lat' dir='ltr'>suffoca-</span> 
     </span>
     <span class='ocr_line' id='line_1_125' title="bbox 1148 2931 2166 2980; baseline 0.008 -18"><span class='ocrx_word' id='word_1_924' title='bbox 1148 2931 1274 2963; x_wconf 87' lang='lat' dir='ltr'>tionem</span> <span class='ocrx_word' id='word_1_925' title='bbox 1306 2931 1414 2965; x_wconf 89' lang='lat' dir='ltr'>referri</span> <span class='ocrx_word' id='word_1_926' title='bbox 1441 2931 1526 2974; x_wconf 81' lang='lat' dir='ltr'>posse</span> <span class='ocrx_word' id='word_1_927' title='bbox 1548 2956 1560 2972; x_wconf 86' lang='lat'><em>,</em></span> <span class='ocrx_word' id='word_1_928' title='bbox 1588 2943 1657 2965; x_wconf 41' lang='lat' dir='ltr'>‘non</span> <span class='ocrx_word' id='word_1_929' title='bbox 1680 2935 1860 2975; x_wconf 83' lang='lat' dir='ltr'>negaverim</span> <span class='ocrx_word' id='word_1_930' title='bbox 1884 2946 1895 2973; x_wconf 75' lang='lat'>5</span> <span class='ocrx_word' id='word_1_931' title='bbox 1927 2945 2034 2969; x_wconf 86' lang='lat' dir='ltr'>tamen</span> <span class='ocrx_word' id='word_1_932' title='bbox 2066 2947 2166 2980; x_wconf 87' lang='lat' dir='ltr'>neque</span> 
     </span>
     <span class='ocr_line' id='line_1_126' title="bbox 1150 2973 2164 3022; baseline 0.006 -14"><span class='ocrx_word' id='word_1_933' title='bbox 1150 2973 1215 3008; x_wconf 91' lang='lat' dir='ltr'>hoc</span> <span class='ocrx_word' id='word_1_934' title='bbox 1238 2985 1299 3017; x_wconf 87' lang='lat' dir='ltr'>pro</span> <span class='ocrx_word' id='word_1_935' title='bbox 1321 2984 1410 3008; x_wconf 89' lang='lat' dir='ltr'>certo</span> <span class='ocrx_word' id='word_1_936' title='bbox 1433 2974 1607 3018; x_wconf 87' lang='lat' dir='ltr'>affirmem,</span> <span class='ocrx_word' id='word_1_937' title='bbox 1631 2978 1664 3009; x_wconf 68' lang='grc' dir='ltr'>δε</span> <span class='ocrx_word' id='word_1_938' title='bbox 1688 2978 1722 3009; x_wconf 92' lang='lat' dir='ltr'>in</span> <span class='ocrx_word' id='word_1_939' title='bbox 1746 2976 1829 3019; x_wconf 88' lang='lat' dir='ltr'>hac,</span> <span class='ocrx_word' id='word_1_940' title='bbox 1852 2980 1885 3011; x_wconf 72' lang='grc' dir='ltr'>δε</span> <span class='ocrx_word' id='word_1_941' title='bbox 1908 2979 2164 3022; x_wconf 77' lang='lat' dir='ltr'>praecedentibus</span> 
     </span>
     <span class='ocr_line' id='line_1_127' title="bbox 1154 3017 2165 3066; baseline 0.008 -16"><span class='ocrx_word' id='word_1_942' title='bbox 1154 3017 1447 3065; x_wconf 86' lang='lat' dir='ltr'>Observationibus</span> <span class='ocrx_word' id='word_1_943' title='bbox 1470 3030 1534 3052; x_wconf 91' lang='lat' dir='ltr'>non</span> <span class='ocrx_word' id='word_1_944' title='bbox 1558 3031 1591 3053; x_wconf 88' lang='lat' dir='ltr'>ea</span> <span class='ocrx_word' id='word_1_945' title='bbox 1614 3020 1705 3062; x_wconf 88' lang='lat' dir='ltr'>plane</span> <span class='ocrx_word' id='word_1_946' title='bbox 1728 3021 1860 3054; x_wconf 88' lang='lat' dir='ltr'>invenio</span> <span class='ocrx_word' id='word_1_947' title='bbox 1880 3044 1889 3060; x_wconf 95' lang='lat'><em>‚</em></span> <span class='ocrx_word' id='word_1_948' title='bbox 1921 3034 1995 3066; x_wconf 82' lang='lat' dir='ltr'>quae</span> <span class='ocrx_word' id='word_1_949' title='bbox 2017 3023 2051 3056; x_wconf 87' lang='lat' dir='ltr'>in</span> <span class='ocrx_word' id='word_1_950' title='bbox 2082 3022 2165 3058; x_wconf 67' lang='lat' dir='ltr'>duo-</span> 
     </span>
     <span class='ocr_line' id='line_1_128' title="bbox 1153 3061 2164 3109; baseline 0.007 -15"><span class='ocrx_word' id='word_1_951' title='bbox 1153 3061 1211 3095; x_wconf 91' lang='lat' dir='ltr'>bus</span> <span class='ocrx_word' id='word_1_952' title='bbox 1222 3085 1233 3102; x_wconf 83' lang='lat'><em>,</em></span> <span class='ocrx_word' id='word_1_953' title='bbox 1256 3062 1368 3095; x_wconf 88' lang='lat' dir='ltr'>eodem</span> <span class='ocrx_word' id='word_1_954' title='bbox 1390 3062 1551 3105; x_wconf 76' lang='lat' dir='ltr'>supplicio</span> <span class='ocrx_word' id='word_1_955' title='bbox 1574 3065 1692 3097; x_wconf 83' lang='lat' dir='ltr'>necatis</span> <span class='ocrx_word' id='word_1_956' title='bbox 1712 3086 1722 3102; x_wconf 89' lang='lat'>‚</span> <span class='ocrx_word' id='word_1_957' title='bbox 1755 3064 1964 3109; x_wconf 87' lang='lat' dir='ltr'>deprehendit</span> <span class='ocrx_word' id='word_1_958' title='bbox 1998 3066 2164 3102; x_wconf 86' lang='lat' dir='ltr'>Bartholi·</span> 
     </span>
     <span class='ocr_line' id='line_1_129' title="bbox 1154 3105 2158 3154; baseline 0.005 -16"><span class='ocrx_word' id='word_1_959' title='bbox 1154 3116 1236 3146; x_wconf 86' lang='lat' dir='ltr'>nus,</span> <span class='ocrx_word' id='word_1_960' title='bbox 1258 3113 1294 3138; x_wconf 90' lang='lat' dir='ltr'>ut</span> <span class='ocrx_word' id='word_1_961' title='bbox 1317 3107 1351 3138; x_wconf 87' lang='lat' dir='ltr'>in</span> <span class='ocrx_word' id='word_1_962' title='bbox 1375 3107 1419 3138; x_wconf 89' lang='lat' dir='ltr'>II.</span> <span class='ocrx_word' id='word_1_963' title='bbox 1445 3105 1504 3140; x_wconf 85' lang='lat' dir='ltr'>hac</span> <span class='ocrx_word' id='word_1_964' title='bbox 1529 3106 1730 3151; x_wconf 90' lang='lat' dir='ltr'>Sepulchreti</span> <span class='ocrx_word' id='word_1_965' title='bbox 1756 3110 1903 3144; x_wconf 62' lang='lat' dir='ltr'>Sectione</span> <span class='ocrx_word' id='word_1_966' title='bbox 1926 3113 1940 3149; x_wconf 94' lang='lat'>(</span> <span class='ocrx_word' id='word_1_967' title='bbox 1964 3110 1984 3142; x_wconf 84' lang='lat' dir='ltr'>d</span> <span class='ocrx_word' id='word_1_968' title='bbox 2004 3113 2018 3149; x_wconf 97' lang='lat'><em>)</em></span> <span class='ocrx_word' id='word_1_969' title='bbox 2042 3111 2125 3154; x_wconf 81' lang='lat' dir='ltr'>leges</span> <span class='ocrx_word' id='word_1_970' title='bbox 2150 3135 2158 3143; x_wconf 91' lang='lat'>.</span> 
     </span>
     <span class='ocr_line' id='line_1_130' title="bbox 1152 3149 2161 3197; baseline 0.006 -15"><span class='ocrx_word' id='word_1_971' title='bbox 1152 3149 1251 3183; x_wconf 78' lang='lat' dir='ltr'>Vidit</span> <span class='ocrx_word' id='word_1_972' title='bbox 1275 3151 1360 3182; x_wconf 91' lang='lat' dir='ltr'>enim</span> <span class='ocrx_word' id='word_1_973' title='bbox 1392 3150 1426 3182; x_wconf 89' lang='lat' dir='ltr'>in</span> <span class='ocrx_word' id='word_1_974' title='bbox 1450 3151 1550 3184; x_wconf 89' lang='lat' dir='ltr'>altero</span> <span class='ocrx_word' id='word_1_975' title='bbox 1582 3152 1749 3194; x_wconf 79' lang='lat' dir='ltr'>pulmones</span> <span class='ocrx_word' id='word_1_976' title='bbox 1778 3155 1911 3197; x_wconf 83' lang='lat' dir='ltr'>grandes</span> <span class='ocrx_word' id='word_1_977' title='bbox 1929 3176 1940 3192; x_wconf 88' lang='lat'><strong>,</strong></span> <span class='ocrx_word' id='word_1_978' title='bbox 1974 3163 2031 3186; x_wconf 90' lang='lat' dir='ltr'>nec</span> <span class='ocrx_word' id='word_1_979' title='bbox 2054 3154 2161 3188; x_wconf 90' lang='lat' dir='ltr'>solum</span> 
     </span>
     <span class='ocr_line' id='line_1_131' title="bbox 1151 3193 2159 3240; baseline 0.007 -15"><span class='ocrx_word' id='word_1_980' title='bbox 1151 3193 1349 3237; x_wconf 71' lang='lat' dir='ltr'>variegatos,</span> <span class='ocrx_word' id='word_1_981' title='bbox 1375 3193 1517 3228; x_wconf 65' lang='lat' dir='ltr'>caeruleos</span> <span class='ocrx_word' id='word_1_982' title='bbox 1541 3218 1553 3235; x_wconf 88' lang='lat'><em>,</em></span> <span class='ocrx_word' id='word_1_983' title='bbox 1584 3195 1694 3230; x_wconf 78' lang='lat' dir='ltr'>rubore</span> <span class='ocrx_word' id='word_1_984' title='bbox 1719 3194 1850 3240; x_wconf 67' lang='lat' dir='ltr'>inspersi)</span> <span class='ocrx_word' id='word_1_985' title='bbox 1869 3221 1879 3235; x_wconf 88' lang='lat'><em>,</em></span> <span class='ocrx_word' id='word_1_986' title='bbox 1913 3197 2078 3231; x_wconf 79' lang='lat' dir='ltr'>marmoris</span> <span class='ocrx_word' id='word_1_987' title='bbox 2111 3200 2159 3232; x_wconf 83' lang='lat' dir='ltr'>in-</span> 
     </span>
     <span class='ocr_line' id='line_1_132' title="bbox 1144 3236 2159 3286; baseline 0.006 -17"><span class='ocrx_word' id='word_1_988' title='bbox 1144 3236 1235 3286; x_wconf 74' lang='lat' dir='ltr'>star,</span> <span class='ocrx_word' id='word_1_989' title='bbox 1260 3248 1326 3279; x_wconf 93' lang='lat' dir='ltr'>quo</span> <span class='ocrx_word' id='word_1_990' title='bbox 1359 3237 1431 3270; x_wconf 87' lang='lat' dir='ltr'>illas</span> <span class='ocrx_word' id='word_1_991' title='bbox 1454 3237 1610 3280; x_wconf 65' lang='lat' dir='ltr'>possemus</span> <span class='ocrx_word' id='word_1_992' title='bbox 1634 3238 1749 3272; x_wconf 82' lang='lat' dir='ltr'>referre</span> <span class='ocrx_word' id='word_1_993' title='bbox 1771 3241 1932 3279; x_wconf 84' lang='lat' dir='ltr'>maculas;</span> <span class='ocrx_word' id='word_1_994' title='bbox 1955 3238 2005 3274; x_wconf 86' lang='lat' dir='ltr'>sed</span> <span class='ocrx_word' id='word_1_995' title='bbox 2029 3242 2062 3273; x_wconf 89' lang='lat'>&amp;</span> <span class='ocrx_word' id='word_1_996' title='bbox 2080 3241 2159 3285; x_wconf 85' lang='lat' dir='ltr'>san-</span> 
     </span>
     <span class='ocr_line' id='line_1_133' title="bbox 1147 3279 2160 3325; baseline 0.003 -11"><span class='ocrx_word' id='word_1_997' title='bbox 1147 3290 1242 3321; x_wconf 80' lang='lat' dir='ltr'>gmne</span> <span class='ocrx_word' id='word_1_998' title='bbox 1258 3279 1401 3323; x_wconf 84' lang='lat' dir='ltr'>spumoso</span> <span class='ocrx_word' id='word_1_999' title='bbox 1424 3288 1490 3314; x_wconf 82' lang='lat' dir='ltr'>tam</span> <span class='ocrx_word' id='word_1_1000' title='bbox 1510 3282 1640 3325; x_wconf 77' lang='lat' dir='ltr'>plenos,</span> <span class='ocrx_word' id='word_1_1001' title='bbox 1662 3290 1698 3315; x_wconf 81' lang='lat' dir='ltr'>ut</span> <span class='ocrx_word' id='word_1_1002' title='bbox 1722 3295 1781 3318; x_wconf 83' lang='lat' dir='ltr'>non</span> <span class='ocrx_word' id='word_1_1003' title='bbox 1804 3291 1929 3324; x_wconf 67' lang='lat' dir='ltr'>tantum</span> <span class='ocrx_word' id='word_1_1004' title='bbox 1950 3291 2082 3318; x_wconf 64' lang='lat' dir='ltr'>externae</span> <span class='ocrx_word' id='word_1_1005' title='bbox 2103 3295 2160 3317; x_wconf 71' lang='lat' dir='ltr'>ve-</span> 
     </span>
     <span class='ocr_line' id='line_1_134' title="bbox 1152 3323 2158 3369; baseline 0.006 -14"><span class='ocrx_word' id='word_1_1006' title='bbox 1152 3333 1196 3357; x_wconf 79' lang='lat' dir='ltr'>nae</span> <span class='ocrx_word' id='word_1_1007' title='bbox 1218 3323 1344 3357; x_wconf 62' lang='lat' dir='ltr'>tumide</span> <span class='ocrx_word' id='word_1_1008' title='bbox 1385 3323 1497 3366; x_wconf 81' lang='lat' dir='ltr'>ubique</span> <span class='ocrx_word' id='word_1_1009' title='bbox 1529 3326 1561 3359; x_wconf 81' lang='lat' dir='ltr'>in</span> <span class='ocrx_word' id='word_1_1010' title='bbox 1594 3325 1772 3361; x_wconf 77' lang='lat' dir='ltr'>membrana</span> <span class='ocrx_word' id='word_1_1011' title='bbox 1804 3334 1992 3369; x_wconf 80' lang='lat' dir='ltr'>apparerent</span> <span class='ocrx_word' id='word_1_1012' title='bbox 2011 3350 2024 3368; x_wconf 85' lang='lat'><em>‚</em></span> <span class='ocrx_word' id='word_1_1013' title='bbox 2046 3327 2104 3369; x_wconf 88' lang='lat' dir='ltr'>sed</span> <span class='ocrx_word' id='word_1_1014' title='bbox 2124 3328 2158 3361; x_wconf 77' lang='lat' dir='ltr'>in</span> 
     </span>
     <span class='ocr_line' id='line_1_135' title="bbox 1153 3364 2157 3415; baseline 0.004 -16"><span class='ocrx_word' id='word_1_1015' title='bbox 1153 3364 1325 3411; x_wconf 64' lang='lat' dir='ltr'>dzffefrione</span> <span class='ocrx_word' id='word_1_1016' title='bbox 1347 3367 1447 3415; x_wconf 55' lang='lat' dir='ltr'>cordis</span> <span class='ocrx_word' id='word_1_1017' title='bbox 1471 3368 1722 3410; x_wconf 79' lang='lat' dir='ltr'>demonstrantem</span> <span class='ocrx_word' id='word_1_1018' title='bbox 1739 3369 1773 3412; x_wconf 84' lang='lat' dir='ltr'>se</span> <span class='ocrx_word' id='word_1_1019' title='bbox 1789 3369 1858 3413; x_wconf 85' lang='lat' dir='ltr'>fere</span> <span class='ocrx_word' id='word_1_1020' title='bbox 1882 3370 2069 3413; x_wconf 78' lang='lat' dir='ltr'>impedirent</span> <span class='ocrx_word' id='word_1_1021' title='bbox 2089 3384 2098 3403; x_wconf 89' lang='lat'>:</span> <span class='ocrx_word' id='word_1_1022' title='bbox 2121 3372 2157 3404; x_wconf 89' lang='lat' dir='ltr'>in</span> 
     </span>
     <span class='ocr_line' id='line_1_136' title="bbox 1153 3409 2156 3456; baseline 0.005 -13"><span class='ocrx_word' id='word_1_1023' title='bbox 1153 3410 1253 3444; x_wconf 86' lang='lat' dir='ltr'>altero</span> <span class='ocrx_word' id='word_1_1024' title='bbox 1277 3419 1383 3444; x_wconf 89' lang='lat' dir='ltr'>autem</span> <span class='ocrx_word' id='word_1_1025' title='bbox 1400 3409 1538 3452; x_wconf 82' lang='lat' dir='ltr'>fistulam</span> <span class='ocrx_word' id='word_1_1026' title='bbox 1556 3413 1740 3455; x_wconf 73' lang='lat' dir='ltr'>pulmonum</span> <span class='ocrx_word' id='word_1_1027' title='bbox 1755 3412 1868 3456; x_wconf 77' lang='lat' dir='ltr'>spuma</span> <span class='ocrx_word' id='word_1_1028' title='bbox 1900 3412 2021 3456; x_wconf 80' lang='lat' dir='ltr'>copiofiz</span> <span class='ocrx_word' id='word_1_1029' title='bbox 2043 3412 2156 3456; x_wconf 85' lang='lat' dir='ltr'>imple-</span> 
     </span>
     <span class='ocr_line' id='line_1_137' title="bbox 1151 3455 2156 3500; baseline 0.006 -14"><span class='ocrx_word' id='word_1_1030' title='bbox 1151 3463 1235 3488; x_wconf 77' lang='lat' dir='ltr'>tam.</span> <span class='ocrx_word' id='word_1_1031' title='bbox 1263 3455 1402 3487; x_wconf 86' lang='lat' dir='ltr'>Littrius</span> <span class='ocrx_word' id='word_1_1032' title='bbox 1424 3465 1552 3499; x_wconf 85' lang='lat' dir='ltr'>quoque</span> <span class='ocrx_word' id='word_1_1033' title='bbox 1585 3460 1599 3497; x_wconf 88' lang='lat'>(</span> <span class='ocrx_word' id='word_1_1034' title='bbox 1623 3461 1671 3496; x_wconf 87' lang='lat' dir='ltr'>e)</span> <span class='ocrx_word' id='word_1_1035' title='bbox 1700 3457 1734 3488; x_wconf 87' lang='lat' dir='ltr'>in</span> <span class='ocrx_word' id='word_1_1036' title='bbox 1758 3457 1893 3491; x_wconf 88' lang='lat' dir='ltr'>foemina</span> <span class='ocrx_word' id='word_1_1037' title='bbox 1921 3482 1931 3497; x_wconf 91' lang='lat'>‚</span> <span class='ocrx_word' id='word_1_1038' title='bbox 1964 3467 2063 3500; x_wconf 80' lang='lat' dir='ltr'>quam</span> <span class='ocrx_word' id='word_1_1039' title='bbox 2088 3455 2156 3492; x_wconf 92' lang='lat' dir='ltr'>duo</span> 
     </span>
     <span class='ocr_line' id='line_1_138' title="bbox 1150 3498 2158 3543; baseline 0.004 -13"><span class='ocrx_word' id='word_1_1040' title='bbox 1150 3498 1233 3536; x_wconf 85' lang='lat' dir='ltr'>viri,</span> <span class='ocrx_word' id='word_1_1041' title='bbox 1257 3498 1403 3531; x_wconf 87' lang='lat' dir='ltr'>manibus</span> <span class='ocrx_word' id='word_1_1042' title='bbox 1427 3500 1602 3534; x_wconf 67' lang='lat' dir='ltr'>constricto</span> <span class='ocrx_word' id='word_1_1043' title='bbox 1619 3501 1726 3538; x_wconf 90' lang='lat' dir='ltr'>collo,</span> <span class='ocrx_word' id='word_1_1044' title='bbox 1750 3499 2001 3541; x_wconf 86' lang='lat' dir='ltr'>suffocaverant‚</span> <span class='ocrx_word' id='word_1_1045' title='bbox 2024 3500 2158 3543; x_wconf 88' lang='lat' dir='ltr'>pulmo-</span> 
     </span>
    </p>
   </div>
   <div class='ocr_carea' id='block_1_10' title="bbox 99 3535 2159 3639">
    <p class='ocr_par' dir='ltr' id='par_1_28' title="bbox 99 3535 2159 3639">
     <span class='ocr_line' id='line_1_139' title="bbox 99 3535 2157 3587; baseline 0.004 -19"><span class='ocrx_word' id='word_1_1046' title='bbox 99 3535 227 3569; x_wconf 87' lang='lat' dir='ltr'>deretur</span> <span class='ocrx_word' id='word_1_1047' title='bbox 250 3536 453 3587; x_wconf 77' lang='lat' dir='ltr'>repetendum</span> <span class='ocrx_word' id='word_1_1048' title='bbox 477 3562 488 3578; x_wconf 89' lang='lat'>‚</span> <span class='ocrx_word' id='word_1_1049' title='bbox 521 3538 544 3572; x_wconf 89' lang='lat' dir='ltr'>fi</span> <span class='ocrx_word' id='word_1_1050' title='bbox 568 3540 655 3580; x_wconf 86' lang='lat' dir='ltr'>prior</span> <span class='ocrx_word' id='word_1_1051' title='bbox 679 3564 691 3580; x_wconf 83' lang='lat'><em>‚</em></span> <span class='ocrx_word' id='word_1_1052' title='bbox 725 3544 757 3574; x_wconf 56' lang='grc' dir='ltr'>δέ</span> <span class='ocrx_word' id='word_1_1053' title='bbox 780 3539 849 3574; x_wconf 85' lang='lat' dir='ltr'>duae</span> <span class='ocrx_word' id='word_1_1054' title='bbox 872 3553 944 3584; x_wconf 86' lang='lat' dir='ltr'>quae</span> <span class='ocrx_word' id='word_1_1055' title='bbox 970 3540 1105 3585; x_wconf 86' lang='lat' dir='ltr'>sequun-</span> <span class='ocrx_word' id='word_1_1056' title='bbox 1157 3552 1211 3576; x_wconf 91' lang='lat' dir='ltr'>nes</span> <span class='ocrx_word' id='word_1_1057' title='bbox 1246 3542 1368 3575; x_wconf 89' lang='lat' dir='ltr'>invenit</span> <span class='ocrx_word' id='word_1_1058' title='bbox 1391 3541 1481 3575; x_wconf 88' lang='lat' dir='ltr'>valde</span> <span class='ocrx_word' id='word_1_1059' title='bbox 1515 3544 1619 3578; x_wconf 88' lang='lat' dir='ltr'>tensos</span> <span class='ocrx_word' id='word_1_1060' title='bbox 1642 3545 1681 3578; x_wconf 88' lang='lat' dir='ltr'>ab</span> <span class='ocrx_word' id='word_1_1061' title='bbox 1713 3544 1838 3578; x_wconf 87' lang='lat' dir='ltr'>incluso</span> <span class='ocrx_word' id='word_1_1062' title='bbox 1861 3555 1928 3578; x_wconf 90' lang='lat' dir='ltr'>aere</span> <span class='ocrx_word' id='word_1_1063' title='bbox 1946 3567 1958 3584; x_wconf 88' lang='lat'><em>‚</em></span> <span class='ocrx_word' id='word_1_1064' title='bbox 1993 3553 2157 3578; x_wconf 89' lang='lat' dir='ltr'>externam</span> 
     </span>
     <span class='ocr_line' id='line_1_140' title="bbox 100 3581 2159 3639; baseline 0.004 -27"><span class='ocrx_word' id='word_1_1065' title='bbox 100 3587 178 3621; x_wconf 89' lang='lat' dir='ltr'>tur,</span> <span class='ocrx_word' id='word_1_1066' title='bbox 199 3581 415 3615; x_wconf 77' lang='lat' dir='ltr'>consentirent</span> <span class='ocrx_word' id='word_1_1067' title='bbox 439 3582 704 3617; x_wconf 88' lang='lat' dir='ltr'>Observationes.</span> <span class='ocrx_word' id='word_1_1068' title='bbox 731 3584 834 3618; x_wconf 89' lang='lat' dir='ltr'>Oculi</span> <span class='ocrx_word' id='word_1_1069' title='bbox 849 3594 955 3619; x_wconf 85' lang='lat' dir='ltr'>autem</span> <span class='ocrx_word' id='word_1_1070' title='bbox 978 3585 1105 3620; x_wconf 87' lang='lat' dir='ltr'>induo·</span> <span class='ocrx_word' id='word_1_1071' title='bbox 1158 3595 1265 3620; x_wconf 87' lang='lat' dir='ltr'>autem</span> <span class='ocrx_word' id='word_1_1072' title='bbox 1287 3596 1398 3620; x_wconf 89' lang='lat' dir='ltr'>eorum</span> <span class='ocrx_word' id='word_1_1073' title='bbox 1419 3586 1636 3622; x_wconf 87' lang='lat' dir='ltr'>membranam</span> <span class='ocrx_word' id='word_1_1074' title='bbox 1659 3586 1806 3622; x_wconf 78' lang='lat' dir='ltr'>dilatatis</span> <span class='ocrx_word' id='word_1_1075' title='bbox 1829 3588 1964 3623; x_wconf 86' lang='lat' dir='ltr'>vasculis</span> <span class='ocrx_word' id='word_1_1076' title='bbox 1995 3585 2159 3639; x_wconf 72' lang='lat' dir='ltr'>sanguise-</span> 
     </span>
    </p>
   </div>
   <div class='ocr_carea' id='block_1_11' title="bbox 245 3776 960 3840">
    <p class='ocr_par' dir='ltr' id='par_1_29' title="bbox 245 3776 960 3840">
     <span class='ocr_line' id='line_1_141' title="bbox 245 3776 960 3840; baseline 0.008 -8"><span class='ocrx_word' id='word_1_1077' title='bbox 245 3777 305 3833; x_wconf 43' lang='grc' dir='ltr'>ἐπὶ.</span> <span class='ocrx_word' id='word_1_1078' title='bbox 320 3786 349 3834; x_wconf 62' lang='grc' dir='ltr'>ἑὲ</span> <span class='ocrx_word' id='word_1_1079' title='bbox 366 3776 462 3834; x_wconf 46' lang='lat' dir='ltr'>raclii.</span> <span class='ocrx_word' id='word_1_1080' title='bbox 480 3785 569 3834; x_wconf 58' lang='lat' dir='ltr'>asses</span> <span class='ocrx_word' id='word_1_1081' title='bbox 586 3810 623 3834; x_wconf 80' lang='lat' dir='ltr'>sc.</span> <span class='ocrx_word' id='word_1_1082' title='bbox 642 3811 671 3833; x_wconf 73' lang='lat' dir='ltr'>a.</span> <span class='ocrx_word' id='word_1_1083' title='bbox 689 3818 756 3840; x_wconf 50' lang='grc' dir='ltr'>ηας.</span> <span class='ocrx_word' id='word_1_1084' title='bbox 773 3810 832 3837; x_wconf 79' lang='lat' dir='ltr'>obt</span> <span class='ocrx_word' id='word_1_1085' title='bbox 849 3813 922 3840; x_wconf 71' lang='lat' dir='ltr'>Anat.</span> <span class='ocrx_word' id='word_1_1086' title='bbox 940 3823 960 3839; x_wconf 83' lang='lat'>2.</span> 
     </span>
    </p>
   </div>
   <div class='ocr_carea' id='block_1_12' title="bbox 624 3777 1232 3815">
    <p class='ocr_par' dir='ltr' id='par_1_30' title="bbox 624 3777 1232 3815">
     <span class='ocr_line' id='line_1_142' title="bbox 624 3777 1232 3815; baseline 0.02 -13"><span class='ocrx_word' id='word_1_1087' title='bbox 624 3777 632 3808; x_wconf 86' lang='lat'><strong>(</strong></span> <span class='ocrx_word' id='word_1_1088' title='bbox 649 3786 660 3801; x_wconf 88' lang='lat' dir='ltr'><em>c</em></span> <span class='ocrx_word' id='word_1_1089' title='bbox 676 3777 691 3807; x_wconf 86' lang='grc'>)</span> <span class='ocrx_word' id='word_1_1090' title='bbox 707 3782 742 3804; x_wconf 85' lang='lat' dir='ltr'>De</span> <span class='ocrx_word' id='word_1_1091' title='bbox 758 3780 842 3809; x_wconf 69' lang='lat' dir='ltr'>mirac.</span> <span class='ocrx_word' id='word_1_1092' title='bbox 862 3787 981 3809; x_wconf 75' lang='lat' dir='ltr'>mortuor.</span> <span class='ocrx_word' id='word_1_1093' title='bbox 1000 3782 1016 3809; x_wconf 91' lang='grc' dir='ltr'>Ι.</span> <span class='ocrx_word' id='word_1_1094' title='bbox 1034 3792 1054 3811; x_wconf 85' lang='lat'>1.</span> <span class='ocrx_word' id='word_1_1095' title='bbox 1072 3785 1111 3810; x_wconf 84' lang='lat' dir='ltr'>tit.</span> <span class='ocrx_word' id='word_1_1096' title='bbox 1129 3793 1150 3815; x_wconf 79' lang='lat'>5·</span> <span class='ocrx_word' id='word_1_1097' title='bbox 1169 3783 1192 3814; x_wconf 60' lang='grc' dir='ltr'>ὗ·</span> <span class='ocrx_word' id='word_1_1098' title='bbox 1208 3792 1232 3814; x_wconf 89' lang='lat'>7·</span> 
     </span>
    </p>
   </div>
   <div class='ocr_carea' id='block_1_13' title="bbox 1971 3641 2126 3666">
    <p class='ocr_par' dir='ltr' id='par_1_31' title="bbox 1971 3641 2126 3666">
     <span class='ocr_line' id='line_1_143' title="bbox 1971 3641 2126 3666; baseline -0.006 0"><span class='ocrx_word' id='word_1_1099' title='bbox 1971 3651 1975 3656; x_wconf 90' lang='lat'><em>·</em></span> <span class='ocrx_word' id='word_1_1100' title='bbox 2002 3643 2046 3666; x_wconf 88' lang='lat' dir='ltr'>rls</span> <span class='ocrx_word' id='word_1_1101' title='bbox 2069 3641 2126 3665; x_wconf 80' lang='lat' dir='ltr'>to-</span> 
     </span>
    </p>
   </div>
   <div class='ocr_carea' id='block_1_14' title="bbox 1294 3784 1596 3817">
    <p class='ocr_par' dir='ltr' id='par_1_32' title="bbox 1294 3784 1596 3817">
     <span class='ocr_line' id='line_1_144' title="bbox 1294 3784 1596 3817; baseline 0.003 -6"><span class='ocrx_word' id='word_1_1102' title='bbox 1294 3784 1444 3817; x_wconf 65' lang='lat' dir='ltr'>(1120bs.</span> <span class='ocrx_word' id='word_1_1103' title='bbox 1462 3792 1500 3816; x_wconf 82' lang='lat'>²3-</span> <span class='ocrx_word' id='word_1_1104' title='bbox 1516 3785 1540 3810; x_wconf 70' lang='grc' dir='ltr'>δε</span> <span class='ocrx_word' id='word_1_1105' title='bbox 1556 3792 1596 3814; x_wconf 64' lang='grc'>24.</span> 
     </span>
    </p>
   </div>
  </div>
 </body>
</html>
