2498 4075
381 40 479 96 228

317 124 517 165 accepimus,
539 119 629 164 cujus
653 120 843 160 nonnullas,
875 120 953 154 alias
985 119 1183 162 inspeximus
1215 123 1321 154 Partes

319 165 377 199 sub
404 165 499 199 finem
521 166 562 198 A.
580 166 671 206 1716.
695 163 777 196 Hssaec
800 174 857 206 pus
879 174 951 197 cum
977 162 1077 205 sputis
1101 165 1322 206 expeeffirave-

316 217 384 246 rat,
410 211 441 242 &
465 208 521 242 diu
543 217 669 240 venerea
691 205 846 243 febricula
871 216 1025 241 macerata
1048 205 1150 242 fuerat
1171 231 1184 248 ‚
1219 217 1254 240 ut
1288 209 1322 240 in

318 250 467 284 cadavere
490 260 696 285 mammarum
718 259 813 292 neque
836 249 965 292 'vestigia
989 257 1153 293 extarent,
1170 250 1242 293 solae
1265 262 1322 284 au-

316 303 380 328 tem
400 295 525 336 papillae
546 300 763 333 cernerentur,
797 291 1065 335 quemadmodum
1099 296 1133 327 in
1166 292 1321 339 phthifici

319 339 462 379 corporis
485 335 703 378 descriptione
726 337 872 380 loquitur
892 336 1033 369 Aretaeus
1059 337 1113 378 (h
1135 342 1168 378 ).
1204 338 1255 369 Sic
1289 339 1323 369 in

316 382 480 415 meretrice
507 380 604 412 altera
628 378 695 421 post
716 379 833 413 similes
866 377 1004 422 phthisis
1049 390 1138 414 notas
1160 404 1173 421 ,
1217 381 1324 421 quales

317 423 483 465 pulmones
507 422 653 457 Vaisalva
678 423 836 455 invenerit
862 444 871 459 ,
918 433 995 455 mox
1038 426 1052 462 (
1075 426 1087 456 z·
1108 428 1122 463 )
1169 423 1292 456 videbis
1316 448 1323 456 .

314 467 415 499 Nunc
438 467 522 501 enim
546 464 728 508 priusquam
753 464 792 498 ad
817 464 1051 507 phthisicorurn
1073 466 1328 499 transeamushi-

316 508 449 550 storias,
473 510 534 546 alia
559 509 649 545 restat
672 509 812 554 empyici
828 531 838 550 ‚
865 519 963 556 quam
983 511 1143 555 continuo
1164 509 1323 546 describe·

316 563 384 590 mus
408 577 416 589 .-

364 606 412 630 η.
437 597 523 634 VIR
545 596 675 639 quidam
699 606 715 627 a
747 594 915 638 praegreffis
948 594 1140 639 quibusdam
1183 595 1325 631 febribus

314 639 397 672 liber
420 639 656 673 existimabatur
671 665 678 671 .
704 638 763 671 Sed
786 637 992 681 postmodum
1016 640 1171 682 conqueri
1204 638 1242 672 de
1274 638 1326 672 siti

316 683 441 723 cernit,
462 682 649 725 difficilique
671 680 903 722 respiratione,
925 690 961 715 ut
984 682 1085 715 erecta
1109 684 1229 717 cervice
1263 684 1326 726 spi-

313 727 414 760 ritum
438 725 549 762 ducere
572 735 763 768 cogeretur,
786 724 824 757 de
849 724 934 758 sensu
958 725 1035 760 item
1060 724 1222 767 cujusdam
1246 738 1326 769 pon-

317 769 404 804 deris
425 770 459 804 in
483 768 587 802 medio
611 768 774 801 thoracis.
801 767 999 802 Decubitum
1022 770 1056 801 in
1090 767 1247 803 sinistrum
1279 770 1328 802 la-

315 822 366 845 tus
389 812 468 845 ferre
491 811 584 846 nullo
608 812 702 853 pasto
726 819 872 852 poterat.
899 811 1000 854 Qod
1023 810 1047 845 fi
1070 821 1217 857 praeterea
1239 812 1326 846 oedess

315 865 399 889 mate
426 854 518 897 pedes
541 851 796 891 intumuissent3
829 854 921 890 nullo
955 864 1059 889 autem
1091 855 1190 890 modo
1221 865 1325 890 tume-

315 899 416 934 bant3
441 896 527 935 haud
553 898 693 933 alienum
717 895 824 931 fuisset
848 897 886 930 de
910 897 1055 941 hydrope
1087 898 1230 937 thoracis
1267 901 1324 934 du-

315 941 458 975 bitare.
603 940 788 976 POST
836 941 1163 976 MORTEM
1216 953 1323 979 autem

314 995 477 1028 empyema
493 1009 502 1024 ,
525 984 585 1018 five
608 995 666 1026 pus
691 985 811 1028 replens
834 983 991 1018 finistrurn
1015 985 1157 1019 thoracis
1179 997 1290 1020 cavum
1310 1011 1323 1028 ,

312 1037 475 1070 repertum
501 1028 563 1061 est.
590 1026 713 1062 Sinistri
737 1027 898 1070 pulmonis
922 1028 1014 1063 lobus
1030 1029 1170 1072 superior
1180 1030 1326 1072 aliquan-

312 1081 381 1105 turn
406 1071 617 1109 induruerat:
643 1074 675 1108 ὃς
698 1081 760 1115 qua
783 1070 972 1106 claviculam
1000 1072 1183 1115 spectabat,
1206 1072 1324 1108 vesicu-

313 1115 382 1155 las,
406 1127 445 1148 ex
467 1114 584 1158 quibus
606 1113 729 1152 constat
743 1138 756 1155 ‚
779 1116 897 1148 mirum
919 1116 953 1147 in
981 1116 1112 1150 modum
1135 1116 1240 1150 auctas
1263 1116 1321 1149 ha-

309 1158 428 1195 bebat3
453 1169 488 1192 ut
512 1158 674 1192 nonnullae
723 1157 871 1191 avellanae
915 1158 1171 1200 magnitudinem
1214 1171 1319 1202 acqua-

310 1211 380 1234 rent
400 1213 410 1239 3
434 1211 554 1238 caeterae
577 1201 683 1235 multo
707 1202 846 1235 minores
883 1210 970 1234 erant
993 1226 1000 1234 .
1038 1201 1197 1245 Qaedam
1229 1204 1319 1245 globi

308 1244 410 1287 figura
433 1267 446 1285 ,
493 1244 624 1286 reliquae
647 1243 789 1285 oblonga
813 1265 822 1281 ,
854 1247 887 1277 δε
918 1245 1005 1281 ovali
1028 1267 1039 1283 ‚
1076 1255 1188 1278 omnes
1220 1247 1319 1289 plenae

305 1297 394 1321 erant
417 1290 497 1324 aeris
511 1311 523 1328 ,
545 1288 682 1320 exterius
705 1296 813 1321 autem
845 1286 1032 1328 sanguiferis
1075 1288 1211 1322 vasculis
1254 1290 1320 1324 cir-

306 1332 466 1366 cumcirca
492 1330 654 1367 instruetae
679 1354 690 1370 ,
734 1341 874 1373 quorum
898 1331 1147 1365 inosculationes
1171 1333 1204 1365 in
1229 1344 1315 1374 una,

308 1385 362 1409 aut
409 1375 507 1411 altera
552 1373 744 1418 apparebant
784 1398 790 1406 .
837 1375 912 1406 Una
956 1374 1085 1416 insuper
1115 1399 1126 1414 ‚
1180 1377 1316 1411 minima

304 1418 448 1459 quaedam
474 1416 666 1453 foraminula
700 1428 754 1463 per
791 1417 980 1454 interiorem
1025 1418 1143 1457 faciem
1188 1420 1315 1458 hiantia

305 1462 462 1496 ostendit.

354 1517 399 1548 13.
424 1507 491 1542 Hic
514 1516 597 1547 περι·
619 1502 716 1548 quare
740 1505 772 1535 in
798 1502 944 1538 affe&um
969 1505 1073 1544 latus,
1097 1507 1130 1539 in
1154 1505 1240 1550 quod
1265 1506 1315 1542 su-

312 1551 451 1591 periores
478 1549 620 1591 plerique
645 1557 818 1589 poterant,
840 1547 953 1581 cubare
976 1560 1040 1585 non
1063 1550 1163 1593 poss'et
1186 1574 1197 1590 ,
1227 1550 1315 1584 haud

307 1593 432 1636 liquet,
457 1592 640 1634 praesertim
662 1602 734 1624 cum
758 1590 853 1624 dolor
876 1591 1002 1632 nullus,
1026 1602 1061 1626 ut
1084 1595 1118 1626 in
1139 1595 1245 1637 primo
1269 1593 1316 1634 (k)

304 1636 341 1669 de
365 1635 490 1671 duobus
512 1635 592 1669 viris
617 1635 761 1677 proxime
785 1633 979 1678 descriptis,
1002 1646 1041 1671 eo
1064 1636 1207 1673 inlatere
1222 1648 1315 1669 com..

304 1688 523 1713 memoretur.
551 1677 608 1714 Sed
632 1688 732 1719 neque
754 1688 793 1710 eo
816 1679 849 1711 in
872 1678 943 1711 viro
965 1700 974 1715 ‚
1022 1690 1037 1711 a
1061 1691 1126 1722 quo
1169 1680 1316 1722 Epistola

303 1723 364 1757 hac
388 1726 401 1767 (
423 1723 435 1756 l
458 1726 471 1764 )
495 1722 672 1763 incepimus
697 1719 854 1753 Valsalvae
878 1720 1130 1757 Observationes
1153 1722 1316 1765 proferre,

303 1778 378 1800 cum
404 1775 517 1809 praeter
541 1766 630 1804 illas,
654 1775 725 1808 quae
750 1765 783 1796 in
807 1772 914 1796 ventre
938 1775 1046 1805 erant,
1079 1766 1209 1806 causas,
1245 1767 1318 1800 aliae

305 1813 337 1843 in
362 1809 494 1846 thorace
519 1820 583 1843 non
620 1807 760 1843 deeffent
792 1806 960 1845 difficilem
994 1810 1236 1851 respirationem
1268 1808 1318 1843 fa—

303 1856 449 1894 cientes,
473 1853 618 1897 proclive
641 1850 683 1885 est
705 1851 906 1892 intelligere,
929 1862 985 1886 cur
1009 1862 1074 1885 non
1099 1854 1205 1887 erecto
1224 1875 1235 1891 ‚
1266 1852 1319 1887 sed

305 1896 441 1931 demisso
464 1898 571 1938 capite
594 1895 708 1940 jaceret
732 1894 954 1929 commodius.
983 1895 1096 1930 Multo
1121 1904 1224 1929 autem
1250 1895 1317 1928 dif-

303 1941 425 1975 ficilior
457 1940 558 1974 videri
594 1938 697 1981 potest
741 1938 917 1981 explicatio
961 1938 1211 1972 Observationis
1259 1939 1315 1972 Cl.

302 1986 444 2028 Capperi
469 1987 483 2025 (
505 1995 537 2018 m
566 1986 575 2023 3
600 1984 633 2015 in
656 1980 795 2025 quodam
821 1980 970 2024 putridos
994 1981 1223 2025 corruptosque
1247 1982 1318 2024 pul-

302 2040 414 2064 mones
440 2029 599 2067 habente,
619 2028 676 2069 qui
700 2026 827 2060 ultimis
852 2026 926 2059 vitae
950 2026 1091 2072 quinque
1115 2024 1204 2063 horis
1228 2025 1315 2066 supi-

304 2085 363 2108 nus
386 2073 522 2115 denique
544 2070 661 2104 cubare
685 2066 819 2112 potuitj',
855 2080 927 2102 cum
960 2077 1049 2105 antea
1080 2068 1159 2105 adeo
1195 2067 1318 2102 inflexo

304 2127 440 2160 corpore
464 2116 496 2148 in
522 2115 608 2150 Ιεθιω
633 2112 735 2148 sedere
757 2112 885 2149 coaetus
908 2111 1002 2152 ell'et,
1032 2121 1069 2147 ut
1100 2120 1201 2154 caput
1232 2111 1317 2144 inter

304 2171 404 2198 genua
427 2157 513 2201 quafi
537 2156 705 2192 recondere
727 2156 887 2190 videretur
912 2180 919 2186 .
954 2156 1021 2189 Hic
1044 2166 1118 2189 vero
1139 2152 1319 2198 phthisicus

305 2198 384 2238 alter
408 2203 450 2237 est
474 2202 512 2235 de
535 2199 680 2238 duobus,
704 2200 821 2242 quibus
843 2197 968 2235 laudata
991 2197 1068 2235 adeo
1091 2199 1129 2234 ab
1153 2195 1319 2242 Sydenha.

305 2249 374 2281 mio
397 2250 410 2286 (
433 2256 452 2278 n
475 2249 485 2287 >
512 2246 672 2288 equitatio
697 2253 833 2277 mortem
859 2243 1065 2277 acceleravit:
1089 2254 1161 2284 quae
1185 2253 1232 2276 res
1261 2252 1320 2274 oc-

307 2290 465 2325 caslonem
490 2288 626 2332 praebuit
650 2287 855 2329 Ampliffimo
880 2284 1008 2319 Praefidi
1033 2286 1202 2319 Buchnero
1215 2284 1320 2318 Schoa

307 2336 388 2368 lium
411 2330 582 2374 adjiciendi
609 2330 691 2365 unde
716 2330 899 2371 intelligas,
923 2329 1052 2371 quando
1076 2330 1110 2363 in
1137 2327 1314 2371 phthifiil-

308 2379 362 2412 lud
388 2376 628 2409 exercitationis
651 2385 748 2416 genus
771 2371 941 2406 vetandum
964 2370 1024 2409 fit,
1048 2374 1081 2406 &
1103 2371 1230 2414 quando
1253 2383 1319 2405 non
1342 2403 1348 2407 ,

308 2422 369 2456 sine
394 2421 444 2462 spe
467 2417 961 2453 commendandum.Nimirum
984 2424 1020 2450 ut
1044 2415 1077 2446 in
1089 2416 1213 2449 caeteris
1233 2425 1319 2447 mor-

309 2467 382 2504 bis,
408 2465 456 2499 ita
477 2463 512 2497 in
537 2462 597 2495 hoc
622 2472 753 2504 quoque
776 2470 838 2491 non
862 2460 970 2495 omnia
1002 2458 1154 2493 omnibus
1185 2457 1318 2503 prosunt

313 2507 454 2543 auxilia.
479 2508 592 2549 Itaque
616 2505 657 2538 iis
678 2506 734 2546 qui
759 2501 881 2548 phthisi
907 2501 1044 2536 obnoxii
1076 2502 1147 2537 sunt
1176 2525 1186 2541 ,
1220 2501 1321 2543 siquis

312 2550 462 2587 Medicus
485 2551 656 2592 imperaret
679 2547 892 2587 concionari,
929 2553 984 2581 aut
1008 2546 1073 2580 alio
1097 2544 1197 2578 modo
1228 2543 1322 2577 vehe-

311 2605 453 2634 menter,
476 2596 509 2630 &
534 2600 625 2628 acute
648 2591 874 2631 sermocinari,
900 2598 953 2622 aut
977 2599 1112 2628 canere,
1136 2589 1212 2632 quia
1245 2589 1322 2620 San-

311 2635 561 2674 ctorius'noster
583 2637 601 2679 (
620 2647 637 2669 o
658 2638 668 2677 )
694 2633 761 2670 haec
786 2644 851 2668 non
874 2631 1112 2668 commendavit
1126 2631 1247 2671 modo,
1270 2631 1321 2666 sed

310 2687 343 2717 ἃ
367 2681 480 2715 eximii
505 2680 593 2715 Sacri
617 2679 769 2712 Oratoris
793 2676 941 2719 exemplo
963 2675 1192 2718 comprobavit
1216 2698 1228 2714 ‚
1264 2677 1321 2716 qui

312 2728 345 2759 in
370 2725 538 2770 juventute
561 2721 639 2758 huic
664 2722 780 2755 morbo
805 2719 970 2755 obnoxius
990 2743 1004 2760 ,
1035 2717 1140 2762 postea
1172 2718 1322 2761 quotidie

311 2769 435 2812 ingenti
461 2778 537 2801 voce
561 2767 752 2802 concionem
779 2762 924 2799 habendo
947 2762 1125 2808 prosperam
1149 2759 1206 2797 fibi
1241 2761 1324 2793 vale-

312 2814 459 2848 tudinem
481 2818 744 2852 comparaverat,
768 2819 869 2851 neque
890 2806 946 2843 ille
969 2815 1073 2840 tamen
1098 2804 1245 2838 Medicus
1258 2817 1320 2847 qua

313 2857 368 2890 hic
393 2853 465 2889 effet
476 2856 623 2894 Orator,
647 2856 677 2885 &
701 2864 761 2894 qua
783 2853 862 2886 item
886 2851 992 2884 caeteri
1017 2848 1132 2892 quibus
1155 2848 1190 2882 id
1212 2847 1320 2897 lauda-

313 2901 368 2933 bat
393 2897 598 2935 Sanctorius,
625 2896 819 2937 pulmonum
841 2893 1094 2930 constitutione,
1117 2899 1317 2931 attenderet3

313 2951 394 2986 quot
417 2939 551 2977 tandem
575 2939 678 2976 credis
703 2939 737 2972 in
761 2937 841 2972 illud
875 2937 981 2979 ipsum
1014 2948 1030 2970 a
1062 2947 1130 2979 quo
1162 2934 1323 2971 retrahere

314 2986 430 3024 vellet,
454 2983 573 3019 malum
597 2992 714 3016 temere
737 2981 794 3015 effe
819 2978 1121 3023 praecipitaturum?
1147 2979 1224 3011 Sane
1246 2990 1322 3011 cum

315 3028 387 3064 ess‘et
411 3029 445 3062 in
469 3026 581 3073 juvene
606 3026 656 3062 M.
683 3025 828 3063 Tulli03
852 3033 888 3059 ut
911 3024 977 3069 ipse
999 3024 1037 3057 de
1060 3023 1089 3055 se
1120 3021 1254 3055 tradidit
1289 3024 1321 3055 in

315 3085 354 3107 eo
379 3071 462 3107 libro
485 3070 544 3114 qui
568 3069 757 3105 inscribitur
778 3071 916 3104 Brutum
941 3079 1016 3102 curn
1039 3065 1140 3106 esset,
1164 3066 1293 3108 inquam
1312 3089 1323 3105 ,

314 3118 438 3158 summa
457 3112 650 3157 gracilitas,
673 3112 715 3148 Θ
737 3110 907 3154 infirmitas
930 3111 1088 3154 corporis,
1109 3109 1324 3152 procerum&

321 3168 411 3194 tenue
433 3156 572 3192 collum.-
596 3156 650 3199 qui
674 3154 803 3190 habitus
815 3178 828 3195 ,
851 3155 891 3190 (ff
915 3165 977 3195 quae
994 3153 1098 3196 figura
1121 3162 1179 3186 non
1212 3151 1325 3193 procul

320 3198 422 3245 abesse,
435 3208 572 3242 putatur
594 3211 612 3233 a
635 3199 709 3234 vitae
727 3197 867 3243 periculo
879 3220 890 3237 ‚
918 3196 946 3239 si
979 3197 1098 3230 accedit
1130 3193 1215 3230 labor
1233 3218 1245 3234 ,
1281 3198 1323 3229 (9⁸-

320 3247 454 3281 laterum
477 3253 587 3286 magna
611 3241 793 3281 contentio,
815 3242 881 3283 ipse
914 3250 1019 3273 autern
1053 3240 1088 3273 722⁴
1113 3237 1238 3280 summa
1268 3249 1323 3271 νο-

321 3290 365 3322 cis
378 3312 390 3329 ,
415 3286 457 3322 Θ·
481 3287 581 3320 tocius
603 3285 741 3327 corporis
764 3283 956 3317 contentione
979 3283 1118 3320 diceret3
1140 3282 1257 3324 optimi
1281 3285 1323 3317 <sy

322 3330 438 3365 Amici
451 3355 462 3371 ,
486 3331 527 3362 (5
550 3328 668 3362 Medici
690 3326 917 3365 hortabantur,
942 3334 979 3360 uc
1000 3324 1108 3365 causas
1131 3336 1218 3367 agere
1248 3324 1324 3366 defi-

318 3375 439 3418 fieret:
462 3374 570 3418 itaque
596 3371 715 3406 recessit
739 3382 754 3404 a
779 3369 878 3411 foro,
912 3380 966 3404 nec
1000 3367 1058 3401 nisi
1092 3368 1223 3403 biennio
1255 3366 1324 3411 post

883 39 1039 94 Liber
1074 39 1260 104 ILDe
1295 40 1503 94 Morbis
1535 39 1793 93 Thoracis

1372 119 1468 152 rediit
1483 127 1579 161 prope
1601 125 1743 152 mutatus
1758 142 1766 150 .
1792 119 1890 159 Nam*
1908 118 1950 152 ἰῇ·
1970 119 2127 152 contentio
2150 118 2253 151 nimia
2274 119 2369 154 vacis

1373 161 1523 204 resederat
1539 183 1548 199 ,
1571 162 1613 194 Θ*
1636 160 1720 203 quafi
1741 157 1935 210 deferbuerat
1955 161 2074 198 oratio,
2098 160 2366 204 lateribusquevia

1374 215 1422 238 res
1445 228 1458 244 ‚
1481 204 1517 238 (5
1529 204 1676 245 ‘corporis
1699 203 1868 238 medzocris*
1883 202 2010 236 habitus
2033 201 2216 246 acceffierat.
2243 206 2371 237 Contra

1371 259 1447 279 vero
1470 248 1525 288 qui
1550 246 1605 279 fibi
1630 257 1703 279 non·
1718 254 1917 287 temperant,
1935 246 2150 280 ‘Oratoribus
2174 270 2186 287 ‚
2222 247 2370 281 [efter-i-

1372 291 1452 330 bus,
1476 290 1671 323 cantoribus
1693 289 1772 332 quid
1794 290 1827 321 in
1851 289 2001 332 pulmone
2025 289 2104 332 saepe
2127 290 2251 324 accidat
2271 312 2280 327 ‚
2312 299 2373 323 no·>

1373 332 1594 368 ster-ostendet
1616 334 1829 366 Ramazzinus
1852 336 1866 372 (
1884 343 1908 375 p
1931 335 1965 371 )',
1988 339 2082 374 atque
2103 332 2189 367 idern
2213 333 2314 368 viscus
2336 340 2373 366 ut

1376 377 1613 416 exulceratum,
1646 375 1849 418 purulentum
1871 398 1883 415 ,
1916 374 2043 417 prorsus
2072 375 2241 418 putridum
2273 376 2373 409 fuerit

1378 419 1485 462 juveni
1510 421 1566 464 qui
1589 419 1680 452 tibiis
1703 418 1853 459 canebat,
1877 422 1908 452 δε
1931 418 2060 451 cuidam
2083 417 2209 453 Mufico
2224 444 2233 459 ,
2264 419 2374 454 lauda-s

1378 473 1429 497 tus
1453 464 1527 497 alias
1551 462 1748 504 Duiffingius
1768 465 1783 501 (
1805 472 1823 504 q
1845 467 1858 504 )
1881 461 2010 495 docebit
2029 483 2042 501 ,
2086 465 2118 495 &
2165 464 2374 506 Stegmannus

1378 512 1391 547 (
1415 519 1430 539 r
1451 510 1481 547 ).
1507 507 1598 549 Qu
1622 505 1686 548 ipse
1710 506 1866 545 memini,
1888 506 1920 538 in
1944 504 2373 551 PoroliviensiJuvene,qui

1378 560 1467 584 acuta
1490 561 1566 583 voce
1589 550 1621 582 in
1643 548 1782 582 Caesarea
1804 549 1890 581 Aula
1914 558 2030 590 magno
2052 559 2126 582 cum
2148 549 2259 592 plausu
2290 552 2373 582 ceci-·

1377 604 1488 634 uerat,
1513 591 1651 636 spirandi
1676 603 1793 634 organa
1817 590 1906 626 fuisse
1930 590 2007 625 adeo
2028 593 2240 633 exulcerata,-
2257 601 2308 627 ue·
2324 593 2374 625 vi-

1378 639 1428 670 tio
1449 637 1490 670 ad
1515 637 1678 679 laryngem
1697 658 1706 673 ‚
1730 634 1895 677 faucesque
1929 633 2088 677 producto
2118 634 2182 678 jam
2214 635 2373 678 deglutire

1378 677 1603 722 nihil‘posl‘et,
1627 682 1659 712 δε
1690 678 1767 713 dum
1804 678 1952 711 vitellum
1970 679 2038 710 ⁴ovi
2072 678 2198 712 sorbilis
2231 680 2372 721 ingerere

1379 724 1489 757 sensim
1512 724 1604 756 vellet
1619 745 1629 760 ,
1654 721 1824 757 suffocatus
1847 722 2008 755 interierit
2022 745 2029 752 .
2053 720 2145 759 Quid
2168 733 2272 756 autem
2295 722 2374 755 Val-

1378 768 1461 801 salva
1483 768 1517 801 in
1541 766 1747 810 pulmonibus
1770 766 1898 799 alterius
1920 764 2038 798 viderit
2064 790 2073 805 ,
2102 767 2159 809 qui
2193 767 2227 800 in
2264 764 2373 800 eadem

1377 820 1463 849 arte,
1497 810 1622 855 ejusque
1656 810 1937 844 instrumentorum
1973 806 2029 841 usu
2061 809 2200 843 versatus
2234 808 2373 848 fuerat,⁴

1376 866 1455 888 mox
1477 855 1562 896 (s)
1585 853 1690 896 lege-s.
1719 855 1809 886 Prius
1831 852 1916 884 enim
1937 850 1975 883 de
2009 849 2076 895 ejus
2111 851 2241 886 historia
2276 859 2373 895 quem

1376 898 1537 932 noviffime
1559 901 1573 936 (
1595 898 1643 938 t)
1667 897 1844 939 proposui,
1868 894 1936 929 haec
1960 904 2057 936 pauca
2082 894 2257 940 adjicienda
2281 896 2396 936 sunt,··

1375 952 1440 974 non
1464 942 1583 984 liquere
1604 939 1772 978 videlicet,
1798 938 1879 973 unde
1903 948 1960 980 pus
1982 938 2126 971 extiterit
2161 951 2226 982 quo
2257 945 2375 973 cavum'

1375 985 1553 1027 replebatur
1574 982 1687 1017 sinistri
1712 984 1838 1022 lateris,
1862 992 1898 1014 an
1923 979 2049 1026 aliunde
2080 994 2119 1015 eo
2151 983 2338 1018 translatum
2361 1002 2375 1024 ‚

1379 1039 1417 1060 an
1439 1026 1571 1061 effusum
1593 1039 1631 1061 ex
1656 1026 1813 1068 superiore
1836 1025 1891 1059 illa
1914 1025 2074 1066 pulmonis
2107 1034 2194 1066 parte
2230 1026 2377 1067 aliquan-

1376 1080 1447 1105 tum
1470 1070 1571 1111 dura,
1594 1073 1627 1104 in
1651 1069 1830 1113 amplasque
1854 1066 2001 1104 vesiculas
2025 1067 2157 1102 dilatata
2184 1093 2191 1099 .
2231 1070 2319 1115 Nam
2351 1067 2375 1101 fi

1374 1114 1490 1157 quibus
1513 1114 1780 1156 symptomatibus
1804 1113 1924 1154 stipatae
1951 1109 2079 1145 fuissent
2104 1112 2276 1154 praegress'ae
2309 1112 2375 1146 illae

1373 1158 1476 1191 febres
1492 1181 1503 1197 ,
1525 1157 1703 1197 constaret,
1728 1167 1779 1189 aut
1802 1167 1871 1198 quae
1895 1166 1965 1198 pars
1990 1155 2049 1186 alia
2072 1158 2215 1200 corporis
2239 1156 2375 1189 servaret

1372 1201 1506 1244 aliquod
1530 1200 1664 1234 laefionis
1687 1199 1877 1241 vestigium;
1901 1197 2000 1246 posset
2025 1196 2081 1231 esse
2115 1200 2226 1240 primae
2263 1197 2375 1242 conje-

1371 1245 1470 1278 &urae
1494 1245 1600 1277 locus.
1627 1244 1726 1277 Nunc
1749 1241 1803 1276 etsi
1828 1252 1924 1275 caveae
1948 1240 2012 1273 111ae
2037 1242 2198 1281 pulmonis
2230 1241 2268 1275 ad
2301 1253 2374 1276 eum

1370 1287 1502 1323 modum
1526 1287 1748 1330 apparuerint,
1771 1294 1808 1320 ut
1833 1295 1891 1327 pro
1914 1283 2119 1325 amplificatis
2143 1285 2207 1326 ejus
2231 1283 2374 1320 vesiculis

1371 1331 1456 1374 posse
1480 1332 1582 1373 accipi
1607 1330 1681 1363 visae
1704 1329 1790 1367 fint3
1812 1336 1921 1373 tamen
1944 1326 2062 1360 summa
2085 1328 2141 1362 illa
2162 1328 2245 1363 sedes
2256 1330 2289 1360 in
2312 1340 2379 1371 qua

1370 1384 1458 1407 erant
1470 1397 1483 1415 ,
1506 1377 1538 1412 δε
1553 1372 1701 1415 adjunc'ta
1712 1372 1846 1407 durities
1859 1371 2070 1414 suspicionem
2082 1370 2211 1406 fortasse
2233 1372 2379 1414 aliquam

1374 1428 1500 1454 movele
1547 1416 1652 1451 offunt
1674 1440 1686 1457 ,
1709 1414 1902 1457 conjeecurae
1936 1414 2028 1446 alteri
2061 1411 2219 1449 faventem
2242 1440 2251 1456 ,
2286 1414 2377 1459 apud

1376 1472 1429 1495 eos
1451 1472 1514 1503 prae
1531 1462 1627 1494 ertim
1649 1461 1704 1503 qui
1730 1470 1792 1492 non
1815 1457 1887 1493 casu
1914 1457 2037 1490 fadum
2068 1458 2199 1491 credant
2220 1482 2231 1498 ,
2265 1467 2300 1492 ut
2340 1460 2376 1493 in

1376 1503 1614 1546 phthificorum
1639 1501 1877 1538 diffeetionibus
1899 1500 2056 1534 Valsalvae
2081 1500 2234 1535 acciderit
2245 1500 2383 1537 eandem

1369 1546 1564 1592 potiffimum
1589 1546 1694 1582 laesam
1717 1546 1859 1578 invenire
1884 1544 2044 1585 pulmonis
2058 1555 2200 1588 partem,
2223 1546 2378 1588 quemad-

1374 1589 1508 1624 modum
1530 1591 1677 1634 proxima
1701 1588 1839 1622 ostendet
1863 1586 2079 1628 observatio,
2106 1591 2137 1621 &
2160 1588 2230 1622 duae
2253 1588 2386 1624 confir-·

1371 1634 1504 1670 mabunt
1519 1657 1531 1673 ,
1553 1644 1623 1676 quae
1648 1631 1718 1675 post
1741 1632 1830 1665 illam
1855 1628 2070 1673 proferentur.

1417 1687 1463 1720 14.
1490 1676 1690 1719 QJIDAM
1716 1673 1839 1708 mulicae
1863 1674 1957 1720 artis,
1981 1673 2111 1714 ususque
2134 1674 2232 1717 hujus
2266 1675 2380 1711 instru-

1371 1730 1552 1756 mentorum
1576 1720 1719 1761 peritus,
1742 1726 1834 1753 aetate
1858 1716 2147 1759 Jampconlistente,
2166 1719 2273 1752 tribus
2307 1729 2384 1753 ante

1372 1765 1462 1798 annis
1486 1766 1520 1796 in
1545 1763 1674 1805 sputum
1697 1760 1815 1795 incidit
1839 1759 2067 1801 sanguineum,
2099 1763 2153 1795 cui
2185 1762 2270 1795 tuffis
2306 1773 2379 1796 cum

1372 1806 1573 1850 exspuitione
1597 1805 1761 1844 materiae,
1780 1813 1819 1850 ut
1853 1803 1951 1849 vulgo
1985 1802 2108 1849 dicitur
2134 1829 2143 1844 ,
2189 1804 2386 1839 catarrhawlis·

1373 1850 1532 1885 succeffit.
1557 1850 1675 1883 Multis
1698 1848 1806 1890 elapsis
1831 1846 1987 1882 mensibus
2010 1847 2137 1888 sputum
2173 1847 2385 1889 sanguineum*

1376 1893 1496 1934 rediit,
1520 1891 1635 1927 deinde
1659 1892 1735 1924 alias
1756 1900 1902 1934 quoque,
1924 1889 2025 1923 donec
2048 1890 2118 1933 post
2140 1891 2170 1924 se
2193 1892 2380 1933 expeecora-

1373 1937 1498 1970 tionem
1520 1936 1653 1978 reliquit
1677 1936 1814 1966 materiae
1836 1936 1868 1965 δι’
1891 1932 2024 1972 multae‚
2047 1936 2079 1966 &
2102 1933 2206 1969 craffae
2221 1960 2228 1973 ‚
2261 1937 2293 1968 δε
2326 1945 2383 1977 pe-

1373 1979 1454 2022 joris
1477 1988 1582 2013 notae.
1609 1979 1726 2014 Facilis
1748 1975 1879 2021 quidem
1903 1984 1970 2008 erat
2002 1975 2169 2012 decubitus
2202 1979 2238 2010 in
2269 1987 2381 2012 utrum

1373 2024 1487 2057 liberet
1509 2022 1616 2061 latus,
1639 2019 1804 2063 nullusque
1825 2021 1860 2053 in
1883 2016 2013 2052 thorace
2036 2018 2131 2054 dolor
2159 2045 2166 2054 .
2206 2020 2266 2056 Sed
2295 2021 2381 2056 tuliis

1371 2067 1495 2106 nostu,
1519 2067 1552 2100 &
1576 2066 1735 2106 praecipue
1758 2061 1827 2110 post
1850 2073 1975 2097 coenam
1997 2063 2126 2097 molesta
2150 2074 2234 2099 erat.
2260 2064 2381 2100 Gravis

1370 2120 1498 2152 quoque
1522 2116 1588 2140 erat
1612 2106 1804 2150 respiratio,
1827 2104 1902 2150 post
1918 2115 2045 2140 motum
2059 2106 2254 2149 praeserrirn,
2278 2119 2381 2151 quan-

1373 2154 1495 2186 tumvis
1519 2152 1642 2185 levem.
1668 2150 1722 2183 Ad
1746 2147 1835 2188 haec,
1858 2149 1958 2181 multa
1981 2147 2048 2182 fitis
2072 2163 2082 2183 .·
2113 2162 2128 2183 a
2160 2151 2236 2186 cibo
2273 2160 2380 2185 autem

1373 2194 1532 2238 assumpto
1555 2192 1711 2230 stomachi
1735 2193 1897 2235 gravitas.
1920 2191 2058 2235 Aliquot
2070 2203 2141 2227 ante
2152 2203 2290 2228 mortem
2304 2195 2382 2228 heb-

1373 2238 1524 2272 domadis
1546 2237 1649 2271 crebri
1674 2247 1761 2272 erant
1788 2235 1916 2269 sudores
1938 2236 2110 2273 nofiurni:
2134 2240 2165 2270 &
2192 2247 2265 2270 cum
2290 2238 2380 2279 pedes

1375 2280 1549 2325 aliquando
1570 2280 1801 2320 intumescere,
1824 2281 1854 2311 δι
1881 2278 2084 2321 postmodum
2116 2281 2253 2314 omnino
2287 2280 2380 2316 detu-

1373 2325 1505 2361 mescere
1527 2322 1781 2361 consuevissent5
1806 2322 1979 2357 noviffimis
2002 2323 2115 2358 diebus
2138 2324 2221 2358 haud
2245 2325 2381 2368 amplius

1372 2366 1646 2403 detumescebant.
1670 2367 1853 2400 Accedente
1877 2375 1980 2399 autem
2005 2366 2186 2405 diarrhoea,
2210 2379 2272 2414 qua
2297 2369 2381 2402 mul-

1372 2422 1404 2445 ta
1429 2411 1526 2446 setosa
1553 2410 1683 2443 materia
1707 2409 1905 2451 profluebat,
1926 2420 1999 2442 cum
2025 2410 2071 2448 se,
2096 2420 2131 2445 ut
2153 2410 2307 2453 surgeret,
2329 2423 2382 2446 ve-

1371 2455 1443 2488 stire
1464 2452 1632 2496 coepissem
1657 2453 1796 2487 defecit.
1931 2454 2193 2487 PULMONES
2217 2453 2294 2487 huic
2318 2454 2382 2488 ho-

1374 2500 1455 2532 mini
1481 2497 1593 2531 multis
1616 2498 1729 2539 repleti
1753 2505 1841 2528 erant
1865 2495 2037 2529 tuberculis
2059 2520 2067 2527 .
2104 2496 2235 2539 Insuper
2267 2496 2383 2533 sinistri

1376 2542 1537 2584 pulmonis
1563 2541 1654 2573 Iobus
1680 2540 1845 2582 superior,
1868 2541 1899 2571 &
1923 2539 2080 2581 superiore
2104 2540 2235 2582 quidem
2256 2550 2347 2584 parte
2369 2565 2380 2580 ,

1376 2586 1514 2619 sternum
1537 2583 1663 2623 versus,
1687 2584 1826 2616 exterius
1848 2581 2028 2627 praedurus,
2056 2583 2147 2617 ulcus
2169 2584 2255 2618 intus
2275 2607 2288 2624 ,
2322 2595 2380 2619 nec

1377 2640 1512 2671 parvum
1530 2651 1538 2664 ‚
1562 2626 1723 2668 habebat,
1747 2627 1780 2658 in
1816 2636 1883 2667 quo
1914 2626 2012 2660 sanies
2039 2650 2048 2665 ,
2078 2624 2164 2669 quasi
2199 2627 2298 2669 pultis
2330 2630 2382 2662 in-

1375 2672 1434 2706 star
1457 2696 1464 2702 .
1499 2672 1566 2705 Hic
1601 2681 1705 2704 autern
1739 2667 1886 2704 Valsalva
1920 2669 2140 2703 animadvertit
2164 2693 2177 2710 ,
2235 2670 2381 2711 hthificis

1376 2727 1457 2758 quos
1481 2713 1520 2747 ad
1543 2714 1575 2748 id
1603 2724 1728 2757 tempus
1751 2712 1910 2750 secuerat,
1938 2712 2026 2746 ulcus
2045 2735 2057 2752 ,
2089 2715 2121 2746 &
2155 2714 2193 2748 1ae
2211 2725 2315 2748 ionem
2347 2718 2382 2749 in

1376 2759 1536 2802 superiore
1559 2757 1649 2791 fuisse
1672 2758 1860 2800 pulmonum
1883 2764 1986 2801 parte.
2015 2756 2114 2797 Qod
2138 2757 2298 2799 reliquum
2316 2758 2382 2798 est5

1377 2802 1455 2836 huic
1478 2803 1512 2835 iu
1536 2801 1666 2836 dextero
1690 2800 1830 2833 thoracis
1852 2809 1930 2832 cavo
1953 2799 2010 2832 ieri
2042 2798 2127 2841 quasi
2162 2799 2275 2834 selibra
2302 2814 2313 2839 3
2346 2803 2381 2835 in

1377 2844 1555 2889 pei-icardio
1578 2844 1765 2879 tantundem
1789 2850 1945 2883 repertum
1970 2841 2028 2875 est.
2052 2843 2128 2876 Hoc
2154 2845 2383 2885 pericardiise-

1378 2901 1475 2929 rum,
1498 2887 1685 2931 impolitum
1708 2888 1805 2933 igni,
1824 2892 1932 2920 totum
1957 2887 2107 2927 evanuit,
2132 2886 2189 2919 nifi
2212 2887 2300 2930 quod
2312 2890 2380 2933 pel.

1376 2933 1508 2966 liculam
1531 2932 1663 2974 reliquit
1687 2932 1720 2964 in
1744 2931 1821 2962 valis
1846 2927 1968 2961 fundo.
2228 2932 2230 2934 '

1423 2986 1471 3017 15.
1498 2975 1753 3009 MERETRIX
1776 2973 1893 3014 viginti
1918 2973 2046 3006 circiter
2070 2983 2245 3014 annorum,
2277 2976 2383 3019 plures

1375 3018 1439 3064 jam
1463 3018 1579 3052 menses
1607 3018 1691 3051 lenta
1714 3016 1819 3062 febre,
1843 3015 1932 3053 ruffi,
1955 3015 2048 3058 sputo
2072 3015 2186 3060 pejoris
2209 3027 2384 3059 notae,t0.

1376 3064 1443 3096 tius
1469 3063 1616 3106 corporis
1639 3061 1738 3097 macie
1762 3060 2189 3098 laboraverat.Querebatur
2210 3060 2248 3094 de
2271 3061 2383 3099 dolore

1377 3108 1411 3138 in
1436 3105 1556 3142 sinistra
1580 3105 1722 3138 thoracis
1745 3112 1836 3147 parte
1857 3127 1869 3143 ‚
1902 3103 1935 3135 in
1969 3115 2064 3146 quam
2096 3104 2118 3138 fi
2151 3103 2351 3140 decumberet
2370 3131 2384 3149 ,

1381 3150 1462 3182 serre
1498 3151 1554 3183 vix
1587 3157 1741 3190 poterat.
1778 3146 1924 3188 Spirandi
1962 3146 2150 3183 difficultate
2181 3150 2349 3190 urgebatur
2374 3178 2383 3185 .

1375 3195 1452 3226 Huc
1495 3191 1614 3224 accessit
1659 3190 1823 3231 copiosum
1857 3191 2015 3232 sanguinis
2053 3190 2179 3234 sputum
2204 3195 2221 3222 5*
2248 3204 2314 3234 quo
2336 3205 2384 3227 re-

1377 3235 1499 3279 presso,
1524 3235 1634 3268 diebus
1660 3233 1727 3274 post
1751 3233 1897 3273 duobus,
1921 3233 2045 3267 australi
2069 3234 2215 3267 saeviente
2226 3236 2384 3271 constitu-

1376 3283 1484 3316 tione,
1510 3279 1544 3312 in
1566 3289 1626 3320 qua
1650 3276 1746 3310 simili
1771 3277 1884 3310 morbo
1909 3278 2085 3311 laborantes
2108 3278 2292 3321 plerumque
2314 3291 2385 3324 per-

1377 3334 1451 3357 eunt
1465 3347 1476 3363 ‚
1498 3321 1625 3355 vivendi
1650 3319 1743 3354 finem
1756 3318 1855 3353 fecit.
1995 3322 2164 3355 PULMO
2187 3321 2297 3357 dexter
2330 3325 2384 3357 vix

1377 3367 1473 3402 costis
1495 3364 1694 3400 adhaerebat,
1711 3366 1857 3406 Uterque
1880 3363 1992 3404 duris,
2015 3368 2046 3397 &
2070 3362 2108 3398 ad
2122 3364 2228 3399 album
2241 3367 2385 3400 colorem

2212 3418 2343 3451 vergen-

332 3510 2383 3531 —q‘p-‘q—Wwfflm

418 3587 431 3610 h
450 3586 457 3613 l
474 3588 509 3611 De
524 3584 594 3610 caus.
612 3587 635 3612 81
653 3585 714 3608 Not.
731 3581 838 3606 diuturn.
854 3580 936 3605 Affeet.
954 3579 970 3604 l.
990 3588 1010 3605 1.
1028 3588 1048 3604 c.
1066 3582 1087 3605 81
1152 3579 1166 3607 (
1184 3579 1221 3613 iq)
1239 3587 1262 3602 ι-ι.
1283 3586 1317 3608 ις,

385 3587 429 3645 sn
445 3617 459 3672 Ξ
475 3617 499 3638 in
516 3614 609 3639 Dissert.
626 3613 698 3641 Eoist.
717 3612 745 3636 ad
762 3613 794 3636 G.
812 3614 887 3636 cole.

386 3652 394 3679 s
414 3656 427 3678 q

475 3648 615 3672 commen-c.
633 3646 719 3674 Litter.
736 3646 765 3669 Α.
784 3650 850 3672 1741.
867 3642 947 3670 Hebd.
965 3651 1001 3672 ιη.
1020 3650 1042 3667 n.
1063 3649 1083 3666 i.

950 3612 963 3639 (
979 3620 991 3634 o
1010 3610 1018 3639 )
1035 3614 1175 3635 comment.
1191 3617 1216 3632 in
1233 3612 1277 3633 Avt
1307 3609 1374 3633 Med.
1392 3608 1447 3634 Gal.
1465 3616 1486 3632 c.
1502 3611 1541 3637 ⁶7-
1558 3607 1641 3637 partic.
1660 3616 1681 3639 g.

1146 3640 1159 3668 ζ
1175 3647 1185 3663 r
1200 3640 1214 3669 >
1230 3640 1290 3669 Eph.
1309 3642 1340 3665 N.
1361 3642 1388 3664 C.
1406 3642 1465 3666 Dec.
1485 3647 1504 3667 3-
1524 3641 1552 3661 Α.
1571 3648 1591 3667 4-
1612 3637 1667 3660 ΟΜ.
1688 3645 1738 3661 ιοαΔ

1379 3580 1393 3608 (
1409 3578 1425 3603 k
1441 3578 1455 3607 >
1471 3585 1496 3601 n.
1514 3578 1538 3601 8.
1601 3577 1614 3604 (
1631 3576 1641 3600 Ι
1656 3576 1670 3604 )
1686 3584 1710 3600 η»
1728 3585 1750 3604 4.
1814 3577 1864 3605 (m
1880 3577 1894 3605 ⁵)
1912 3577 1966 3601 Ast,
1984 3577 2016 3600 N·
2034 3577 2063 3600 C
2082 3580 2145 3602 Tem
2173 3589 2197 3608 4.
2216 3577 2273 3602 Obs.
2291 3588 2335 3608 47.μ

1750 3608 1816 3638 (p)
1834 3611 1868 3632 De
1887 3607 1972 3631 Morb.
1988 3606 2081 3631 ArthC.
2099 3616 2110 3632 c
2138 3618 2170 3638 37..

1804 3638 1965 3668 (s)ni14.
2028 3637 2185 3669 (mmm.
