2498 4075
355 200 509 267 Epist.
546 197 710 252 Anat.
743 194 962 251 Medica
997 191 1201 250 xvm.
1241 188 1364 243 Art.
1381 189 1634 245 20.2t.-&
1653 200 1756 240 22„

49 287 191 316 mutetur
212 302 224 319 ,
256 277 412 322 hujusque
446 279 480 312 in
512 279 648 321 parietes
679 274 808 309 suorum
839 274 1056 317 receptaculo-

49 335 142 362 rum,
164 320 393 365 vasorumque,
416 333 487 365 quae
521 322 554 353 in
584 319 715 353 thorace
747 318 818 352 sunt
837 341 848 357 ,
883 319 1054 359 repentinae

51 367 129 401 fiant
153 365 417 408 repercuffiones,
440 362 641 397 manifestum
663 361 705 396 est
717 372 732 402 ;
753 362 798 394 ita
821 362 855 394 in
889 359 1055 396 affefflbus

52 410 150 443 animi
174 419 272 452 quam
294 409 402 448 varie,
424 419 520 450 quarn
542 406 598 440 diu
612 430 625 446 ,
646 416 745 453 quarn
767 404 969 439 vehementer
1000 414 1055 446 per

49 452 170 487 easdem
193 452 264 484 illas
287 453 353 485 vias
375 450 473 485 modo
504 451 686 484 concitetur
702 471 714 486 ,
745 448 845 482 modo
876 446 1056 482 retardetur

48 496 211 539 sanguinis
234 494 363 534 cursus,
386 494 481 527 facile
503 502 579 527 tunc
602 491 727 535 possunt
758 489 857 526 facies
876 515 890 532 ‚
923 490 1056 533 respira-

46 542 121 579 tio,
146 539 254 581 pulsus
275 536 541 576 commonstrare,
563 545 598 569 ut
621 533 805 570 mirandum
827 546 892 568 non
915 532 955 568 fit
965 532 1055 577 quod

48 595 87 618 ex
109 594 228 625 msgno
240 583 272 614 in
286 578 529 624 supprimenda,
551 588 607 613 aut
617 577 838 613 dissimulanda
853 577 1056 619 indignatio-

46 639 84 661 ne
102 636 223 666 ‚conatu
247 626 357 667 ingens
379 622 458 658 illud
482 622 619 656 dexterae
633 622 781 657 auriculae
795 621 977 664 aneurystna
990 631 1054 654 non

47 671 135 705 secus
160 668 311 703 acciderit
334 666 417 710 apud
439 664 651 707 Dionifium‚
673 676 769 709 quam
791 675 881 698 tanta
913 662 1020 697 cordis
1038 687 1052 703 ‚

48 716 81 748 δι
113 715 227 747 Aortae
260 711 413 745 dilatatio
445 721 483 742 ex
516 708 622 743 eadem
653 707 745 743 causa
776 707 935 742 acciderat
967 706 1052 750 apud

48 756 229 800 I-Iarvejum
249 758 264 795 (
286 766 306 790 u
330 757 362 794 ),
395 763 431 788 ut
454 753 567 786 Amici
590 765 629 786 ex
662 751 806 787 inaudita
840 751 945 785 morbi
978 751 1051 783 vio-

47 802 146 834 lentia
170 799 335 834 hominem
356 795 503 839 veneficio
526 807 544 828 a
567 794 708 839 malefica
730 794 898 839 ciffet'bum,
920 802 978 829 aut
998 804 1050 828 ca-

47 845 213 878 codaemone
236 839 379 884 obsessum
401 848 473 872 ante
494 838 650 873 cadaveris
683 838 900 873 dine-&ionem
921 862 934 879 ,
965 836 1051 871 haud

50 889 143 922 aliter
166 889 201 919 ac
223 885 261 918 de
283 884 466 919 Ferrarinio
487 882 529 916 est
550 882 696 920 dietum,
720 882 939 916 existimarent
957 905 964 911 .
988 882 1050 915 At-

47 942 111 976 que
133 941 167 963 ea
190 928 232 962 est
256 928 469 963 humanorum
493 924 666 961 affectuum
685 928 734 959 vis
756 927 789 959 in
812 924 974 969 sanguinis
1005 924 1052 957 al·

47 975 115 1008 veis
130 996 139 1011 ,
166 984 201 1006 ac
223 971 431 1014 receptaculis
453 970 489 1003 in
511 969 640 1002 thorace
661 969 837 1004 dilatandis
855 991 870 1009 ‚
904 977 941 1002 ut
972 967 1050 1001 hinc

48 1019 146 1052 etiam
178 1015 299 1050 merito
333 1013 458 1048 causam
491 1012 660 1047 deduxerit
691 1012 883 1047 Albertinus
926 1013 984 1051 <x
1004 1014 1019 1052 )
1040 1033 1053 1051 ,

47 1059 257 1104 quamobrem
280 1058 484 1091 dilatationes
507 1057 572 1090 illae
596 1067 726 1099 perraro
748 1058 781 1089 in
803 1055 910 1089 bestiis
931 1068 942 1092 3
974 1054 1054 1097 saepe

46 1104 125 1139 adeo
148 1104 182 1136 in
202 1101 392 1152 horninibus
415 1100 629 1143 reperiantur.
765 1099 833 1133 Ubi
850 1099 953 1141 igitur
966 1097 1033 1132 haec
1047 1120 1055 1133 ,

48 1157 102 1183 aut
124 1147 188 1181 alia
211 1144 440 1190 praecesserint,
466 1143 549 1179 unde
572 1144 794 1186 aneurys‘mata
816 1143 893 1176 oriri
919 1141 1057 1185 poffint3

47 1201 125 1226 tunc
149 1199 220 1223 orta
244 1189 308 1232 jam
333 1187 413 1228 esse,
437 1187 649 1229 conjiciemus
672 1198 736 1220 non
769 1186 870 1220 modo
900 1197 974 1219 cum
1006 1183 1056 1219 af-

47 1234 171 1269 fuerint
195 1234 352 1276 pleraeque
376 1239 459 1265 nota:
483 1230 600 1274 quibus
623 1230 679 1263 illa
704 1229 826 1265 ostendi
850 1230 941 1264 solita
963 1226 1021 1262 esse
1044 1251 1056 1267 ,

48 1278 136 1312 idem
161 1275 300 1310 tradidit
325 1276 526 1314 accuratius,
550 1285 649 1318 quam
682 1282 718 1308 ut
751 1285 767 1307 a
802 1273 895 1307 nobis
934 1270 1058 1315 aliquid

47 1319 228 1356 addendum
252 1319 316 1359 fit,
340 1330 450 1353 verum
472 1320 570 1352 etium
601 1328 674 1352 cum
707 1317 858 1351 morbum
890 1317 989 1350 alium
1022 1317 1057 1348 in

46 1365 179 1399 thorace
202 1362 349 1397 abditum
374 1362 496 1396 nullum
520 1359 578 1395 esse
603 1387 612 1401 ,
643 1371 836 1396 caeterorurn
869 1359 936 1402 ejus
969 1370 1057 1393 inor-

47 1410 165 1444 borum
188 1406 288 1441 causis
308 1428 317 1444 ‚
341 1405 436 1448 signis
452 1428 463 1445 ,
487 1407 520 1438 δε
542 1404 759 1439 remediorum
782 1403 949 1438 effectibus
972 1405 1057 1436 inter

48 1454 80 1487 se
104 1451 318 1492 comparatis,
342 1449 583 1490 intelligemus.
609 1447 696 1482 Male
729 1457 833 1481 autern
873 1445 1057 1489 aneurysma

47 1495 223 1539 conjiceret
245 1495 299 1536 qui
324 1491 393 1527 haec
417 1503 482 1525 non
503 1490 702 1525 attenderet.
731 1492 782 1524 Sic
805 1492 884 1525 alter
907 1490 945 1524 de
978 1490 1058 1524 duo-

46 1540 107 1574 bus
129 1539 206 1572 viris
230 1548 310 1580 quos
333 1534 495 1579 descripsit
518 1535 570 1568 Cl.
595 1536 761 1577 Capperus
784 1535 838 1578 (y
855 1534 874 1578 )
891 1558 900 1573 ,
924 1533 1057 1568 difficile

49 1581 181 1626 quidem
211 1580 377 1623 spirabat,
403 1583 432 1613 δι’
457 1579 530 1612 adeo
564 1578 675 1620 inflexo
708 1587 832 1618 corpore
857 1602 887 1610 ..
904 1602 911 1609 .
926 1601 933 1608 .
953 1575 1058 1619 sedere

49 1625 241 1670 cogebatur,
267 1631 305 1657 ut
327 1630 423 1664 caput
445 1622 534 1655 intra
554 1631 657 1663 genua
682 1620 767 1663 quafi
791 1621 950 1655 recondere
972 1620 1061 1654 vide-

52 1677 164 1708 retur,·
187 1667 311 1701 nullum
337 1675 443 1699 tamen
468 1663 674 1706 aneurysma,
699 1664 767 1696 imo
789 1675 842 1696 cor
863 1663 980 1698 habuit
1004 1664 1062 1697 ad-

48 1713 173 1746 modum
191 1720 348 1752 parvum.
375 1707 434 1741 Sed
459 1707 520 1740 alia
533 1705 893 1749 aneurysmatisindicia
909 1707 1064 1747 deerant,

49 1759 83 1790 ἅτ
109 1752 277 1789 manifesto
300 1761 368 1785 erat
392 1749 592 1795 phthisicus.
620 1751 672 1785 Sic
698 1762 774 1793 puer
796 1750 831 1783 in
855 1749 1065 1793 Sepulchreto

49 1803 61 1839 (
86 1802 144 1843 z)
167 1795 373 1840 propositus,
395 1795 447 1828 cui
472 1805 537 1828 non
561 1793 747 1837 aneurysma
764 1816 774 1832 ,
799 1793 848 1828 sed
863 1795 965 1829 moles
976 1805 1065 1836 quae-

47 1841 121 1877 dam
145 1851 280 1881 carnea,
304 1840 419 1881 pleurae
443 1840 475 1871 δε
500 1836 595 1872 costis
607 1839 754 1880 proxime
766 1836 928 1874 adhaerens
944 1862 954 1878 ‚
978 1848 1066 1871 mor-

47 1895 114 1919 tem
138 1884 271 1920 attulit,
296 1883 334 1917 de
358 1882 497 1924 pectoris
520 1881 632 1915 dolore
655 1880 795 1923 obtuso,
818 1884 850 1915 δε
873 1880 1066 1915 difficultate

49 1927 228 1972 respirandi
254 1925 445 1968 querebatur
459 1948 469 1964 ,
495 1933 532 1958 ut
555 1926 589 1959 in
615 1924 753 1960 obscuro
776 1924 894 1958 morbo
908 1948 921 1965 ,
943 1926 1000 1968 qui
1023 1925 1064 1958 ab

49 1972 161 2007 lateris
184 1971 315 2004 alterius
339 1970 407 2003 ietu
431 1980 469 2002 ex
492 1970 636 2011 graviori
661 1970 734 2002 casu
754 1969 890 2002 initium
905 1968 1064 2009 eluxerat,

73 2012 207 2049 otuisset
232 2014 348 2057 aliquis
372 2012 556 2055 aneurysma
579 2012 753 2056 suspicari,
777 2012 953 2055 praesertirn
988 2024 1065 2046 cum

48 2028 174 2101 {guum
199 2058 335 2100 denique
359 2056 440 2090 illud
465 2055 681 2098 quadantenus
699 2055 867 2090 'accessisset
883 2080 896 2097 ,
917 2055 1007 2100 quod
1024 2057 1058 2088 in

53 2102 249 2141 Pauluccio,
272 2103 303 2134 δι
330 2100 514 2147 Ferrarinio
537 2098 647 2140 fuisse,
670 2099 834 2140 diximus;
857 2111 955 2142 neque
979 2100 1066 2132 enim

51 2157 129 2189 puer
151 2142 303 2188 capessere
326 2155 391 2186 Jam
411 2143 563 2177 'somnum
588 2153 738 2186 poterat,
762 2142 819 2185 mfi
843 2142 948 2184 mensae
970 2142 1065 2175 decli-

51 2190 137 2223 viori
162 2187 315 2222 inclinato
336 2186 458 2228 capite.
483 2187 640 2220 Attamen
666 2187 726 2219 alia
752 2208 765 2225 ‚
801 2197 872 2228 quse
915 2186 949 2217 in
995 2185 1063 2218 illis

52 2241 164 2272 erant,
187 2229 414 2271 aneurysmatis
438 2227 581 2267 indicia,
605 2232 637 2262 &
658 2228 789 2271 quidem
822 2229 952 2269 potiora
978 2251 991 2268 ,
1024 2228 1061 2260 in

53 2287 155 2320 puero
177 2274 326 2307 deerant.
351 2273 425 2305 Nos
449 2282 555 2305 autem
577 2282 642 2305 non
665 2272 810 2314 quaedam
829 2294 843 2311 ,
873 2269 925 2304 sed
959 2271 1066 2313 plera-

54 2330 115 2362 que
139 2317 262 2350 attendi
285 2323 436 2357 oportere
450 2337 459 2353 ,
482 2314 607 2348 idcirco
630 2314 855 2348 admonuimus
871 2340 880 2355 ‚
905 2315 1003 2356 quia,
1026 2323 1064 2348 ut

56 2361 166 2395 omnia
190 2371 253 2392 non
278 2358 396 2401 semper
420 2368 618 2397 occurrunt3
642 2369 698 2392 nec
719 2366 803 2391 certe
826 2358 862 2389 in
883 2355 1008 2391 duobus
1020 2356 1063 2389 il-

57 2406 98 2439 lis
121 2402 327 2438 occurrebant
352 2403 490 2439 omnia;
518 2403 564 2435 ita
598 2401 745 2444 quaedam
778 2398 1007 2435 tantummodo
1039 2398 1064 2432 si

57 2448 175 2492 speffites
188 2471 196 2484 ,
222 2446 436 2488 saepenumeio
459 2445 632 2487 d÷cipiaris
644 2469 652 2476 .

105 2503 155 2524 20.
179 2491 310 2529 Quaeres
333 2485 484 2529 fortasse,
507 2499 568 2530 qua
593 2489 718 2521 ratione
753 2488 822 2522 fieri
856 2486 958 2531 posset
982 2510 995 2527 ,
1026 2495 1063 2521 ut

56 2546 129 2569 cum
153 2535 187 2566 in
210 2541 348 2575 utroque
373 2531 505 2564 illorum
516 2531 669 2565 dilatatio
682 2529 755 2565 esset
769 2533 890 2565 arteriae
902 2531 1031 2573 Magnae
1050 2542 1061 2567 ;

57 2580 91 2612 in
116 2585 231 2610 neutro
254 2584 358 2608 tamen
384 2574 447 2609 ulla
472 2572 544 2608 esset
568 2574 708 2618 pulsatio
733 2575 746 2609 ?
779 2574 890 2619 Hujus
913 2573 982 2608 sane
1007 2572 1062 2605 ab-

58 2622 157 2656 sentia
181 2618 343 2661 utriusque
367 2618 570 2652 Medicorum
595 2618 759 2662 plerosque
784 2620 817 2652 in
841 2629 981 2652 errorem
1006 2616 1061 2649 ad-

57 2665 171 2699 duxit:
192 2673 380 2709 ‚quanquam
403 2671 437 2696 ut
463 2662 604 2704 pulsatio
627 2661 685 2697 esse
707 2662 809 2704 potest
840 2660 903 2696 fine
936 2661 1060 2694 arteriae

60 2710 277 2750 aneurysmate
300 2707 313 2745 (
336 2716 354 2738 a
375 2709 414 2746 ),
437 2704 479 2738 sic
503 2707 624 2739 arteriae
656 2706 841 2749 aneurysma
873 2703 931 2739 esse
964 2702 1066 2747 potest

58 2750 122 2785 sine
146 2750 340 2794 pulsatione,
351 2747 411 2782 five
423 2749 508 2792 quod
522 2747 589 2783 haec
601 2751 633 2782 in
645 2750 809 2784 nonnullis
821 2774 833 2790 ‚
843 2747 918 2793 ipsis
931 2749 1042 2791 potius
1055 2769 1067 2787 ,

59 2806 155 2838 quam
179 2792 336 2831 Medicis,
361 2792 654 2834 animadvertenda,
667 2794 843 2834 leviter‚&
862 2794 950 2835 prius
973 2792 1068 2825 dum-

59 2847 149 2872 taxat
174 2848 269 2881 quam
294 2835 422 2870 morbus
448 2836 553 2871 saevire
568 2838 704 2880 incipiat
720 2862 727 2874 ‚
752 2836 780 2870 se
793 2837 908 2879 prodat
923 2861 930 2874 ,
948 2846 982 2870 ut
998 2834 1067 2867 for-

61 2880 135 2915 tasse
159 2881 194 2914 in
216 2880 420 2918 Ferrarium,
443 2879 501 2912 sive
525 2880 613 2924 qnod
636 2883 670 2914 in
694 2881 765 2914 aliis
789 2882 874 2913 inter
897 2880 991 2913 initia
1018 2889 1066 2911 re-

61 2926 198 2967 tegentis
223 2923 250 2957 se
274 2922 377 2956 morbi
403 2923 540 2957 Medicis
563 2934 730 2961 occurrat,
754 2933 789 2958 ut
812 2932 895 2957 certe
919 2923 951 2956 in
986 2925 1067 2955 Pau-

64 2970 171 3002 ]uccio
195 2966 377 3010 priusquam
401 2967 436 3013 in
460 2969 601 3002 Patriam
623 2968 761 3005 rediret,
785 2966 899 3002 deinde
923 2977 998 2999 vero
1032 2967 1067 2998 in

64 3011 205 3054 utrisque
251 3009 332 3044 adeo
375 3009 558 3045 obscuretur
581 3035 591 3049 ,
638 3021 673 3045 ut
723 3011 810 3045 nulla
858 3009 915 3044 esse
961 3009 1069 3043 videa-

65 3065 120 3089 tur
143 3078 152 3086 .
198 3053 317 3087 Causas
358 3061 462 3087 autem
507 3055 744 3090 obscurationis
787 3066 861 3088 cum
894 3063 957 3088 tres
989 3053 1070 3087 olim

67 3097 155 3139 (b)
196 3098 436 3131 memoraverim
460 3120 470 3135 ‚
516 3110 580 3132 non
626 3098 681 3133 hic
727 3108 868 3141 repetam
892 3122 899 3129 .
934 3099 985 3132 De
1022 3108 1071 3129 ea-

68 3153 153 3192 rum·
173 3139 477 3190 prima-dumtaxat
500 3164 510 3179 ‚
545 3144 666 3186 quippe
700 3142 738 3176 ad
772 3141 832 3176 hos
866 3141 945 3175 duos
968 3152 1071 3183 aegros

67 3196 206 3219 maXime
239 3193 418 3222 attinente,
442 3183 495 3217 hic
521 3184 596 3219 satis
619 3187 661 3221 est
684 3184 766 3220 illud
792 3185 926 3223 addere,
952 3185 999 3217 vel
1036 3185 1072 3217 in

68 3229 205 3262 externis
250 3226 521 3269 aneurysmatibus
566 3241 629 3262 non
675 3241 746 3263 raro
790 3230 879 3263 illam
901 3252 910 3266 ,
943 3238 979 3263 ut
1015 3239 1074 3261 nos

68 3284 198 3316 quoque
242 3271 382 3305 vidimus
405 3294 418 3311 ,
460 3270 568 3305 iocum
613 3273 724 3307 habere
746 3296 759 3313 ,
804 3276 835 3307 δι
880 3272 963 3306 recte
995 3271 1076 3304 olim

70 3317 214 3350 Paraeum
257 3319 271 3355 (
295 3316 345 3357 c)
380 3337 394 3363 ³.
419 3324 512 3360 *cum
558 3317 642 3350 inter
688 3328 797 3351 eorum
841 3316 928 3360 signa
973 3315 1076 3359 pulsa-

72 3360 196 3393 tionem
243 3356 453 3401 proposuislet
479 3381 495 3399 ‚
535 3369 611 3393 mox
655 3358 851 3395 admonuisse
877 3382 887 3397 ‚
931 3370 969 3393 ne
1005 3356 1076 3401 fal-

72 3402 175 3436 lamur
214 3401 312 3452 fignis
352 3400 450 3443 supra
495 3405 742 3438 commemoratis
766 3415 775 3436 .·
820 3415 891 3437 nam
935 3412 1074 3435 nonnun-

76 3456 168 3487 quam
192 3447 224 3479 z'n
248 3443 418 3488 znfignibus
450 3446 698 3488 -Aneurysmatis
730 3458 783 3481 nec
811 3445 939 3490 pulsum
974 3444 1074 3478 ullum

70 3490 226 3532 percipere
248 3487 343 3526 licet,
368 3511 376 3519 .
390 3513 397 3520 .
411 3510 418 3518 .
432 3511 440 3520 .
464 3488 538 3529 quia
561 3488 684 3532 sanguis
709 3491 740 3524 in
764 3490 921 3524 thrombos
945 3489 1009 3523 coit
1031 3490 1073 3522 &¹

158 3532 323 3574 Morgagni
334 3532 370 3566 de
382 3530 449 3564 Sed.
465 3531 506 3564 (θ’
516 3531 602 3575 Caus.
614 3533 715 3568 Morb.
729 3535 827 3568 Tom.
842 3536 869 3567 I.

1106 266 1274 311 concrescit
1297 289 1305 297 ·
1339 263 1441 306 Qio'd
1463 263 1485 298 si
1509 262 1655 297 verissimi
1678 261 1775 305 hujus
1798 260 1917 296 moniti
1946 258 2106 305 Chirurgi

1108 312 1212 356 postea
1237 310 1278 343 ali
1304 309 1338 343 ui
1360 319 1423 342 non
1445 306 1539 341 essent
1562 305 1681 345 obliti,
1706 314 1759 338 aut
1783 307 1816 338 in
1841 304 1944 346 parvis
1958 304 2103 340 aneurys.

1107 355 1246 390 matibus
1270 321 1305 386 id
1327 351 1468 385 accidere
1493 361 1556 384 non
1581 347 1686 392 posse,
1708 347 1931 386 credidissent3
1956 343 2104 388 profecto

1105 410 1205 443 neque
1239 397 1294 429 ille
1325 394 1484 437 Ruyschii
1517 394 1607 433 (d)
1638 393 1775 425 Amicus
1822 400 1980 425 tumorem
2020 388 2105 419 circa

1107 443 1210 477 talum
1234 441 1324 475 nucis
1346 437 1507 482 juglandis
1534 434 1782 478 magnitudine,
1815 434 1870 467 etsi
1904 432 2004 468 omnis
2032 428 2107 472 pul-

1101 485 1188 530 satio
1210 484 1316 518 deerat
1348 490 1477 523 propter
1502 478 1686 523 sanguinem
1723 478 1921 520 coagulatum
1942 500 1955 516 ‚
1986 474 2107 515 aperire

1107 527 1198 564 ausus
1218 525 1313 564 esset,
1338 535 1439 567 neque
1463 520 1647 565 Ruyschius
1670 524 1732 560 (e)
1755 521 1874 554 iterum
1887 514 2108 553 admonuisset,

1107 582 1168 605 non
1191 572 1224 605 in
1246 568 1333 603 omni
1354 566 1571 609 aneurysmate
1589 563 1714 608 praectfi’
1728 562 1846 606 sentiri
1873 562 2080 605 pulsationem
2094 580 2108 598 ‚

1106 613 1312 657 quantumvis
1322 609 1488 645 authores
1499 620 1566 643 eam
1576 616 1726 650 tanquam
1732 605 2044 650 pathognomonicum
2054 600 2110 634 ha-

1106 659 1201 692 beant
1218 654 1362 700 fignum.
1387 653 1423 687 si
1430 652 1560 697 Jbinguis
1570 651 1602 683 in
1612 650 1826 693 aneurysmate
1837 647 2028 691 coaguletur,
2041 643 2113 678 nul-

1104 701 1168 735 lam
1177 699 1299 742 percipi
1305 695 1532 741 pulsationem.
1553 692 1697 727 Addidit
1711 701 1814 727 autem
1832 691 1865 725 id
1877 692 1974 725 etiam
1986 691 2019 722 in
2044 698 2112 721 ma-

1103 745 1202 778 ximis
1225 739 1499 784 aneurysmatibus
1522 745 1689 780 expertum
1708 735 1736 769 se
1766 734 1823 769 esse
1835 759 1847 776 ‚
1870 733 2114 776 exemplumque

1106 787 1219 821 attulit
1243 786 1385 828 ingentis
1407 783 1521 822 illius,
1544 778 1635 824 quod
1657 790 1696 813 ex
1720 788 1838 818 trunco
1872 779 2001 820 Magnae
2031 783 2114 824 arte-

1104 832 1161 864 riae
1185 831 1289 863 tribus
1312 829 1439 862 circiter
1461 825 1576 868 digitis
1602 822 1690 866 supra
1703 822 1952 864 corincipiens,
1975 827 2116 852 exterio-

1103 886 1139 909 ra
1160 873 1298 915 pectoris
1321 870 1416 905 instar
1439 868 1616 913 pulvinaris
1641 864 1840 908 occupabat,
1862 863 1954 906 cujus
1967 861 2117 904 aneurys-

1104 918 1204 951 matis
1226 926 1340 958 magna
1363 925 1402 948 ex
1426 923 1513 956 parte
1536 910 1638 945 simile
1662 911 1795 944 alterum
1824 908 1928 951 postea
1952 903 2119 948 descripsit

1105 961 1249 996 Littrius
1271 962 1286 999 (
1301 956 1330 1002 f
1341 962 1375 998 >t
1401 967 1534 999 uterque
1556 964 1663 989 autem
1688 952 1877 991 adnotavit,
1902 951 2014 994 aliquo
2046 955 2120 982 ante

1105 1013 1247 1038 mortem
1271 1002 1373 1044 spatio
1396 999 1550 1043 temporis
1571 998 1707 1031 omnino
1731 996 1932 1031 obscuratam
1963 992 2120 1037 pulsatio-

1108 1058 1188 1081 nem
1211 1045 1325 1084 fuisse,
1350 1043 1445 1087 idque
1470 1040 1676 1085 repetendum
1708 1038 1766 1073 esse
1804 1051 1820 1072 a
1854 1040 1947 1081 copia
1979 1035 2122 1070 lamella-

1108 1102 1186 1125 rruin
1209 1090 1248 1123 de
1271 1087 1387 1132 quibus
1412 1085 1490 1119 alibi
1513 1088 1526 1125 (
1545 1095 1568 1126 g
1592 1088 1603 1122 )
1628 1084 1753 1117 dietum
1776 1082 1839 1118 est,
1862 1079 1922 1114 sive
1947 1078 2124 1123 polyposa·

1107 1145 1184 1169 irum
1205 1133 1473 1168 concretionum,
1519 1139 1571 1163 uas
1594 1128 1682 1160 intus
1707 1124 1865 1160 subsistens
1898 1125 2023 1166 sanguis
2055 1133 2125 1157 ma-

1109 1178 1165 1222 gis
1190 1175 1353 1219 magisque
1377 1172 1491 1207 adauxi
1520 1181 1569 1203 et.
1606 1171 1659 1203 Sic
1682 1170 1785 1214 igitur
1809 1167 1990 1201 observatio
2012 1165 2126 1199 obscu-

1110 1231 1193 1255 =ratae
1216 1219 1409 1262 pulsationis
1432 1216 1479 1250 ab
1513 1215 1653 1247 externis
1686 1211 1961 1254 aneurysmatibus
1994 1209 2032 1243 ad
2067 1208 2129 1242 illa

1107 1275 1245 1309 quoque
1266 1261 1414 1301 tradu&a
1438 1259 1502 1299 est,
1524 1269 1595 1300 quae
1620 1266 1656 1291 ut
1678 1254 1862 1291 extrorsum
1885 1254 1942 1289 fibi
1967 1255 2052 1287 viam
2077 1250 2127 1286 fe-

1108 1306 1226 1342 cissent
1247 1328 1257 1343 ‚
1281 1305 1323 1340 ad
1345 1305 1502 1338 intimum
1525 1309 1631 1334 tamen
1670 1299 1849 1334 attinebant
1882 1300 1998 1332 Aortae
2032 1306 2131 1330 trun·

1114 1362 1212 1386 cum:
1235 1347 1363 1385 Deinde
1388 1359 1463 1383 vero
1487 1349 1519 1379 &
1544 1343 1583 1378 ad
1606 1343 1661 1377 illa
1688 1356 1758 1387 quae
1784 1343 1911 1385 penitus
1936 1341 2006 1375 sunt
2038 1338 2128 1373 abdi-

1110 1405 1173 1435 τε,-
1195 1392 1340 1429 universe
1362 1392 1447 1425 enim
1494 1385 1659 1422 Lancifius
1706 1388 1855 1431 loquitur
1902 1382 2130 1427 Propofitione

1110 1439 1246 1472 LVIII.
1273 1441 1285 1477 (
1307 1435 1327 1469 h
1348 1439 1362 1476 )
1385 1438 1418 1469 δε
1441 1431 1632 1468 Albertirius
1653 1441 1780 1475 quoque
1800 1430 1881 1469 (ἱ),
1906 1428 1964 1463 ubi
1989 1427 2026 1461 de
2037 1438 2134 1461 aneu-

1109 1481 1293 1523 ·frysmatum
1318 1478 1521 1522 pulsatione,
1544 1474 1567 1509 si
1591 1485 1654 1508 non
1670 1472 2000 1517 prorsusdeficiente,
2023 1480 2055 1504 at
2065 1480 2133 1517 cer-

1110 1535 1147 1558 vte
1171 1525 1268 1566 longe
1292 1523 1415 1557 minori
1439 1520 1549 1559 fasta,
1573 1530 1609 1552 ac
1633 1516 1786 1561 languida
1820 1517 2020 1561 mentionem
2053 1513 2135 1556 inji-

1111 1569 1183 1602 cit.
1207 1566 1277 1601 Etsi
1301 1577 1383 1600 vero
1404 1574 1538 1607 uterque
1562 1561 1681 1596 horum
1704 1560 1742 1595 de
1770 1560 1947 1593 inveterato
1971 1567 2135 1601 ,ammor-

1113 1612 1160 1647 bo
1186 1610 1363 1644 sermonem
1385 1618 1462 1643 tunc
1494 1606 1612 1641 habent
1633 1628 1646 1646 ‚
1681 1603 1819 1648 aliasque
1854 1602 1982 1645 insuper
2019 1609 2137 1645 praeter

1117 1666 1192 1688 eam
1216 1664 1316 1697 quarn
1338 1653 1505 1693 diximus,
1529 1649 1637 1684 causas
1670 1649 1840 1690 attingunt
1863 1658 1874 1686 3
1909 1644 1992 1680 nihil
2027 1655 2136 1678 tamen

1120 1699 1202 1733 satis
1225 1694 1355 1731 fortasse
1377 1696 1479 1730 obstat
1502 1694 1678 1737 quominus
1703 1693 1736 1725 in
1760 1690 1924 1725 nonnullis
1956 1690 2055 1724 citius
2086 1700 2142 1722 ean

1122 1743 1198 1777 dem
1220 1740 1309 1775 causa
1334 1740 1547 1782 pulsationem
1571 1737 1780 1779 intercipiat,
1809 1734 1844 1768 id
1868 1734 1911 1769 est
1934 1737 1990 1777 qui
2007 1733 2141 1768 demum

1122 1787 1159 1819 in
1183 1785 1347 1819 Pauluccii
1366 1807 1374 1822 ,
1400 1787 1432 1817 δε
1457 1781 1633 1816 Peri-asinii
1657 1778 1932 1821 aneurysmatibus
1967 1785 2137 1812 concretus

1125 1829 1253 1871 sanguis
1277 1829 1402 1861 circum
1425 1825 1569 1869 undique
1593 1825 1741 1858 inventus
1765 1822 1807 1856 est
1826 1846 1836 1861 ,
1870 1823 1900 1856 is
1930 1820 2136 1856 concrescere

1123 1883 1226 1915 ocyus
1249 1872 1409 1914 coeperst,
1432 1873 1464 1904 δι’
1489 1871 1596 1904 multo
1618 1867 1793 1901 crassiorem
1817 1878 1880 1910 pro
1901 1866 2054 1909 portione
2065 1864 2142 1898 obi-

1123 1927 1194 1950 cem
1215 1917 1300 1948 inter
1323 1913 1531 1950 Medicorum
1554 1912 1759 1955 tangentium
1774 1922 1912 1951 manuS,
1932 1912 1965 1943 &
1978 1909 2140 1953 pulsatio-

1122 1971 1220 2000 nem,
1242 1958 1340 1992 facile
1363 1958 1466 1991 ctiam
1491 1958 1530 1990 ab
1554 1956 1603 1990 his
1629 1956 1730 1997 magis
1751 1954 1891 1990 dissitam
1915 1962 2112 1997 eotempore
2129 1977 2141 1992 ‚

1122 2005 1353 2046 interponere„
1370 2002 1454 2035 Satis
1479 2002 1584 2044 igitur
1607 1999 1765 2042 intelligis
1785 2022 1796 2039 ,
1825 1999 1882 2043 qui
1917 1994 1987 2030 fieri
2022 2007 2142 2040 potue·

1125 2049 1197 2086 rit,
1221 2055 1258 2079 ut
1280 2057 1355 2079 eum
1378 2046 1412 2077 in
1439 2054 1576 2087 utroque
1598 2043 1732 2078 illorum
1753 2040 2037 2084 esset.aneurysma
2058 2062 2068 2078 ,
2102 2040 2141 2074 in

1124 2100 1244 2123 neutro
1267 2097 1451 2122 occurreret
1470 2089 1630 2131 pulsatio.
1765 2087 1837 2124 Qui
1860 2085 1930 2120 fieri
1944 2093 2051 2119 autem
2062 2084 2142 2128 pos-

1124 2132 1172 2166 set
1188 2158 1197 2172 ,
1222 2141 1258 2166 ut
1283 2143 1367 2179 cum*
1382 2131 1502 2175 semper
1521 2130 1593 2166 esset
1616 2133 1643 2165 is
1668 2130 1822 2173 morbus,
1848 2142 1913 2165 non
1939 2130 2061 2171 semper
2091 2127 2141 2162 es-

1121 2174 1193 2209 sent
1219 2177 1408 2218 paroxysmi
1423 2199 1436 2216 ‚
1460 2175 1620 2218 superiore
1652 2175 1800 2219 Epistola
1829 2177 1844 2215 (
1866 2174 1886 2216 l<
1908 2177 1924 2215 )
1956 2173 2140 2207 indicatum

1117 2218 1183 2253 est.
1208 2220 1322 2260 Itaque
1345 2230 1409 2251 non
1431 2219 1508 2262 quia
1532 2219 1672 2261 pulsatio
1693 2218 1796 2260 defit,
1819 2229 1877 2252 nec
1900 2217 1978 2268 quia
2002 2228 2057 2261 per
2068 2216 2141 2249 lon-

1115 2263 1242 2305 giora,
1264 2272 1319 2295 aut
1342 2260 1488 2294 breviora
1513 2263 1669 2304 temporis
1694 2261 1796 2305 spatia
1829 2271 1992 2305 gravtores
2028 2259 2137 2295 morbi

1115 2303 1252 2339 effec'tus
1275 2315 1341 2338 non
1365 2314 1536 2351 appareant
1553 2329 1566 2346 ,
1591 2315 1626 2339 tu
1649 2307 1808 2340 continuo
1831 2305 2137 2348 existi1na,aegrum

1116 2347 1341 2391 aneurysmate
1362 2358 1489 2381 carere.-
1517 2348 1568 2382 sed
1593 2349 1661 2382 noli
1684 2349 1731 2383 vel
1754 2349 1959 2392 longioribus
1993 2349 2140 2384 induciis

1118 2390 1219 2425 fidere
1241 2415 1254 2433 ,
1287 2391 1347 2424 nisi
1380 2403 1455 2438 cum
1490 2392 1689 2434 paroxysmis
1723 2392 1814 2426 simul
1859 2394 1969 2427 omnia
2010 2392 2137 2436 prorsus

1118 2435 1235 2482 abeant
1260 2435 1492 2476 aneni-yimatis
1517 2434 1664 2476 indicia,
1696 2447 1752 2470 nec
1786 2436 1838 2469 illi
1871 2436 1937 2479 jam
1975 2436 2100 2471 redeant
2124 2461 2138 2478 ‚

1118 2479 1145 2511 isi
1169 2477 1271 2511 causae
1297 2479 1424 2510 redeant
1449 2489 1587 2520 quarum
1610 2478 1777 2513 occasione
1801 2481 2025 2515 excitabantur
2054 2503 2065 2520 ‚
2099 2491 2137 2515 ut

1116 2522 1273 2564 corporis
1298 2529 1429 2560 motus,
1452 2521 1634 2564 deglutitio
1649 2549 1658 2562 ,
1683 2523 1785 2556 aliave
1810 2523 1994 2566 ejusmodi,
2018 2536 2087 2568 quae
2100 2526 2135 2558 in

1114 2563 1246 2599 duobus
1271 2563 1447 2606 propositis
1471 2565 1564 2607 aegris
1588 2565 1754 2608 solebant,
1779 2568 1813 2601 in
1838 2566 1947 2601 aliisve
1971 2578 2082 2604 eorum
2098 2567 2157 2603 [μ.

1118 2608 1255 2643 milibus
1281 2607 1383 2640 solent
1406 2608 1542 2642 insultus
1566 2620 1737 2644 renovare.

1161 2662 1213 2702 ²3¹·
1240 2653 1275 2685 Si
1300 2649 1388 2684 forte
1412 2650 1563 2686 haetenus
1589 2655 1722 2688 miratus
1746 2665 1799 2695 es,
1823 2667 1873 2689 me
1896 2657 2052 2701 quiiniis
2063 2658 2137 2691 Lit-

1118 2704 1194 2729 teris
1218 2695 1472 2728 Observationes
1495 2696 1698 2738 promiserim
1724 2709 1827 2736 meas,
1853 2701 2137 2735 animadversiones

1121 2741 1232 2781 potius
1244 2763 1257 2780 ,
1282 2749 1382 2781 quarn
1404 2738 1638 2774 observationes
1652 2764 1664 2781 ,
1688 2742 1854 2783 protulisse
1868 2769 1878 2783 ,
1901 2756 1974 2778 cum
1988 2744 2026 2778 de
2039 2746 2135 2788 quin-

1119 2794 1181 2833 que
1206 2783 1323 2817 harum
1345 2794 1421 2831 quas
1445 2782 1626 2831 proposui,
1650 2795 1709 2817 una
1736 2797 1752 2818 a
1776 2797 1827 2820 me
1849 2785 1887 2820 fit
1903 2809 1913 2824 ‚
1937 2797 2056 2821 caeterae
2091 2789 2131 2821 ab

1122 2827 1218 2872 aliis;
1242 2829 1356 2860 mirari
1381 2837 1446 2868 jani
1458 2826 1597 2864 desines,
1621 2827 1952 2865 ubianimadverteris
1968 2854 1979 2870 ,
2003 2831 2135 2865 maluis-

1121 2871 1151 2902 se
1174 2868 1356 2920 mss‚s³0‚st⁶³
1378 2870 1428 2919 (ql
1445 2873 1481 2909 >³
1506 2881 1646 2903 mearum
1670 2872 1817 2916 pluribus
1842 2875 1875 2906 in
1900 2874 1977 2908 alias
2004 2875 2135 2917 Episto-

1122 2913 1167 2963 las
1190 2914 1340 2956 reicitis,
1364 2914 1479 2946 alienas
1501 2913 1656 2956 quidem,
1690 2914 1740 2948 sed
1776 2915 1913 2951 ineditas
1933 2941 1943 2957 ‚
1980 2929 2017 2952 ne
2049 2918 2135 2952 forte

1119 2957 1377 2996 interciderent,
1399 2958 1655 2990 communicare.
1679 2958 1733 2991 Ne
1757 2968 1864 2993 tamen
1888 2960 1921 2995 id
1945 2962 2063 3004 aegrius
2086 2960 2135 2995 fe-

1121 3012 1193 3042 ras,
1217 3000 1306 3044 quod
1332 3000 1483 3033 libentius
1507 3000 1634 3034 deberes
1658 3003 1821 3045 accipere;
1844 3016 1921 3046 quas
1944 3004 2135 3049 subjiciam,

1122 3045 1160 3078 ad
1184 3056 1280 3079 unam
1305 3054 1418 3076 omnes
1440 3054 1478 3076 ex
1503 3055 1551 3077 nie
1575 3043 1934 3083 habebis.Eritautem
1948 3051 2050 3091 prima
2063 3061 2134 3092 quae

1121 3099 1196 3123 cum
1222 3088 1382 3131 postremo
1404 3086 1548 3128 exposita
1571 3090 1760 3129 conveniat,
1784 3087 1843 3123 sive
1865 3090 1963 3126 causae
1975 3104 2071 3131 genus
2082 3104 2135 3126 ve-

1124 3131 1164 3167 lis
1189 3130 1349 3179 attendere
1363 3154 1375 3170 ‚
1397 3128 1458 3179 sive
1480 3142 1608 3173 gravem
1627 3133 1666 3178 ⁴in
1690 3132 1907 3176 deglutitione
1931 3131 2134 3177 molestiam,

1126 3175 1188 3210 sive
1212 3177 1312 3219 ipsam
1336 3173 1473 3215 denique
1496 3177 1724 3218 aneurysmatis
1748 3177 1850 3211 sedem
1874 3179 2031 3221 spectare.

1174 3232 1226 3254 22.
1251 3217 1536 3266 TUBICINEM
1569 3221 1694 3253 Patavii
1729 3220 1798 3254 vidi
1833 3233 1913 3255 anno
1931 3245 1945 3263 ,
1976 3224 2096 3265 opinor
2120 3248 2131 3264 ,

1132 3275 1226 3307 1723-
1251 3273 1345 3311 quem
1373 3272 1420 3310 ³¹2⁵
1444 3259 1497 3294 sua
1520 3274 1586 3304 Jam
1609 3264 1737 3306 pridem
1769 3264 1945 3306 conjecerat
1962 3267 2012 3306 ,in
2037 3277 2132 3301 aneu-

1129 3307 1234 3350 sysffla
1257 3304 1433 3338 ¹¹⁴¹s21¹³b¹le
1455 3326 1467 3343 s
1502 3307 1645 3341 obsidens
1670 3308 1808 3350 pectoris
1833 3309 1949 3341 intima
1970 3333 1983 3349 ,
2016 3313 2047 3344 &
2083 3310 2133 3344 su-

1128 3353 1276 3394 periora.
1302 3348 1340 3380 Id
1365 3359 1431 3390 quo
1453 3351 1553 3392 magis
1572 3352 1764 3384 increscebat
1779 3375 1787 3390 ‚
1810 3363 1848 3384 eo
1870 3352 2003 3393 augebat
2028 3355 2131 3396 magis

1127 3392 1326 3437 deglutiendi
1353 3390 1552 3440 molestiam,
1577 3394 1779 3438 spirandique
1804 3393 2049 3437 difficultatem,
2070 3398 2131 3430 do-

1129 3450 1184 3472 nec
1208 3438 1298 3471 illius
1323 3445 1480 3484 prmum,
1506 3449 1583 3472 mox
1604 3436 1699 3480 hujus
1731 3438 1823 3471 omni
1853 3438 2045 3473 difficultate
2079 3441 2131 3473 in-

1358 3478 1527 3513 hominem
1574 3482 1738 3515 interemit
1763 3506 1771 3515 .
1904 3483 1935 3516 E
1957 3484 1987 3515 X
2030 3486 2060 3517 C
2083 3485 2133 3517 A-

1646 3526 1678 3559 Y
1938 3526 2092 3560 DAVE·

1125 3490 1268 3524 tercepta
1300 3503 1313 3521 ,

912 3769 925 3796 )
941 3770 1021 3794 Mem.
1041 3770 1069 3793 de
1085 3767 1183 3793 l'Acad.
1205 3770 1238 3793 R.
1258 3770 1298 3795 des
1315 3768 1352 3794 Sc.
1369 3767 1399 3797 A.
1418 3772 1489 3795 1707.

1262 3706 1277 3734 (
1290 3711 1306 3735 y
1321 3704 1335 3733 )
1352 3703 1407 3738 Af}-
1425 3705 1458 3727 N.
1477 3706 1504 3729 C.
1522 3705 1595 3729 Tom.
1615 3711 1637 3732 4-
1655 3702 1714 3727 Obs.
1734 3712 1774 3732 47.

1243 3739 1258 3768 ζ
1273 3735 1287 3759 b
1304 3737 1312 3764 )
1330 3734 1405 3762 Epist.
1424 3736 1499 3759 Anat.
1518 3744 1555 3766 ¹3-
1571 3744 1599 3760 n.
1616 3743 1638 3763 4.
1673 3765 1679 3769 Ι
1702 3734 1739 3760 sc
1754 3735 1767 3763 )
1783 3734 1858 3762 Oper.
1875 3736 1894 3758 l.
1913 3736 1935 3757 6.
1953 3741 1973 3758 er
1992 3739 2028 3762 32.

1551 3766 1592 3797 (g
1608 3767 1617 3797 )
1635 3766 1706 3794 Epist.
1718 3772 1784 3793 17.n.
1799 3773 1836 3794 ²9·
1898 3764 1914 3794 ζ
1929 3765 1943 3788 h
1963 3765 1971 3795 )
1988 3766 2023 3789 De
2043 3764 2133 3788 Aneur:

134 3703 144 3734 s
161 3712 177 3729 u
192 3704 203 3736 )
219 3705 255 3729 De
271 3702 335 3729 cire.
350 3706 439 3734 Sanssu.
455 3707 541 3739 Exere.
560 3706 633 3739 Ati-at·
651 3712 677 3735 3:
734 3705 743 3733 (
762 3713 777 3730 a*
790 3704 806 3735 )
821 3705 911 3735 Opust.
927 3706 972 3731 eit.
988 3706 1056 3736 supra
1071 3705 1100 3731 ad
1118 3716 1142 3733 n.
1160 3715 1199 3733 11.

135 3736 151 3765 ζ
165 3744 183 3764 z
200 3737 207 3766 l
223 3736 242 3760 1.
251 3743 282 3770 ‚²·
299 3736 323 3759 S.
339 3742 361 3761 ².
378 3736 440 3771 Obs':
458 3744 481 3766 4.
499 3744 524 3760 m
540 3736 664 3760 Additam.
725 3737 739 3766 (
756 3744 772 3761 a
788 3737 802 3765 )
818 3736 875 3761 Vid.
892 3737 965 3767 Epist.
986 3745 1025 3767 39.
1044 3745 1068 3761 n.
1087 3745 1126 3766 ¹⁹·
1144 3746 1182 3762 ιο.

136 3768 151 3794 (
167 3767 183 3789 d
197 3767 212 3795 )
228 3766 284 3790 vid.
301 3768 375 3791 Anat.
393 3767 460 3791 Chii·⁴
476 3766 534 3791 obs.
551 3768 588 3796 38.
649 3767 664 3797 (
678 3775 690 3790 e
705 3767 720 3795 )
736 3766 799 3792 ibid.
860 3765 900 3798 (f

136 3798 151 3826 (
165 3806 173 3821 z
190 3797 204 3826 2
218 3796 309 3827 Opust.
323 3798 366 3822 eit.
384 3798 467 3828 supra,
483 3798 511 3821 nd
528 3805 552 3821 n.
570 3805 607 3822 ιι.
669 3798 684 3826 (
698 3797 741 3830 k)
766 3806 789 3823 n.
803 3804 833 3828 ²7
903 3799 971 3831 (1)
988 3799 1073 3831 supra,
1090 3808 1116 3824 n.
1134 3807 1170 3829 ¹3·
